2817 4959
621 212 1153 300 Annuus
1225 185 1683 318 imminu
2133 231 2263 297 649

69 409 211 480 nilla,
250 408 326 465 ibi
367 410 425 464 et
450 407 695 464 sarcinae
736 412 901 478 atque
942 408 1320 479 inpedimenta
1351 406 1622 463 collocata
1656 407 1826 464 erant.
1895 403 2012 461 Hac
2047 404 2257 461 descri-
2283 403 2350 471 Δ.
2369 405 2508 477 m

69 502 230 556 »tione
251 499 390 553 aciei
414 510 517 554 nos
546 500 825 552 contentos
842 509 973 552 esse
998 498 1226 567 oportet,
1254 510 1408 565 quam
1439 494 1729 551 monachus
1757 494 1904 550 dedit
1922 493 2262 564 witikindus,

69 601 183 644 inus
222 589 276 642 in
318 586 548 657 aliquam
588 587 681 642 rei·
710 590 899 654 gestae
943 584 1356 654 explicationem
1396 582 1750 654 descendens,
1792 596 1910 638 cum
1939 582 2030 637 alii
2073 584 2262 652 paucis

69 674 225 732 serbis
252 673 459 744 praelio
503 678 559 730 et
584 675 807 730 victoria
835 672 1203 742 defungantur.
1275 672 1538 742 Legiones
1569 671 1830 740 Georgius
1873 669 2146 726 Fabricius
2173 671 2264 727 in·

75 766 378 835 erpretatur,
406 762 549 833 quod
567 762 726 818 bodie
752 763 1012 830 regimina
1035 775 1304 834 vocamus,
1332 762 1554 818 Romani
1580 761 1844 817 cobortes.
1884 759 1998 827 Ego
2023 761 2270 816 incertae

69 852 421 921 nagnitudinis
446 850 659 906 habitas
688 863 756 906 ex
784 864 852 906 eo
881 850 1094 920 colligo,
1116 851 1258 921 quod
1285 850 1606 907 witikindus
1635 853 1862 904 octavae
1889 851 2089 904 tantum
2117 847 2267 904 mille

69 940 246 998 nilites
265 939 550 1011 BohemoS‚
569 942 624 994 at
652 939 852 1008 legioni
878 942 1060 1010 regiae
1086 938 1250 996 multa
1277 939 1500 995 militum
1519 938 1686 995 millia
1706 936 1902 995 tribuit.
1936 936 2101 992 Erant
2119 949 2265 1007 ergo,

69 1029 189 1099 1uod
208 1027 341 1084 alias
362 1028 578 1084 Francis
598 1042 803 1098 scarae,
829 1028 883 1084 id
905 1033 986 1084 est
1007 1028 1317 1086 divisiones.
1387 1024 1685 1084 Burislaum
1707 1026 2064 1082 Sarmatarum
2081 1037 2266 1093 regem

72 1117 123 1172 id
137 1121 221 1173 est
234 1117 541 1174 Boleslaum
554 1116 905 1174 Bobemorum
920 1117 1130 1182 ducem)
1145 1118 1367 1173 affuisse
1378 1116 1603 1187 praelio,
1618 1117 1675 1172 et
1685 1117 1827 1172 iuter
1841 1114 2052 1170 Ottonis
2069 1113 2268 1169 auxilia
2303 1151 2324 1172 .

69 1220 330 1278 ›ugnasse,
368 1219 505 1262 unus
532 1210 774 1262 veterum
802 1206 1093 1262 memoriae
1118 1206 1353 1276 prodidit
1380 1204 1739 1274 Frodoardus3
1779 1217 1936 1274 quem
1964 1203 2011 1257 si
2036 1201 2266 1258 vidisset

69 1291 334 1366 labi-icius,
348 1307 419 1350 ex
432 1293 550 1349 solo
569 1294 843 1372 witikindi
861 1294 1079 1370 silentio
1095 1293 1399 1351 Boleslaum
1416 1294 1695 1350 absentem
1712 1306 1820 1348 non
1840 1292 2264 1363 pronunciasset.

69 1381 339 1440 iventinus
369 1395 585 1453 quoque
612 1382 913 1438 Frodoardo
943 1385 1227 1452 consentit,
1256 1396 1411 1453 quem
1437 1381 1696 1455 (opinor)
1720 1394 1829 1437 non
1853 1381 2076 1437 viderat.

184 1469 237 1526 9.
305 1471 377 1527 At
412 1473 644 1539 ilungari
690 1485 891 1530 summa
941 1471 1243 1542 alacritate,
1278 1478 1337 1528 ut
1377 1475 1530 1527 erant
1565 1470 1802 1541 expediti
1847 1471 2073 1541 equites,
2113 1472 2268 1539 parte
2383 1471 2388 1476 “

69 1572 261 1618 morum
289 1562 685 1616 circumeuntes
714 1559 1025 1629 exercitum,
1053 1560 1203 1628 terga
1224 1564 1527 1617 nostrorum
1551 1559 1824 1616 invadunt.
1887 1558 1966 1614 lta
1991 1556 2265 1628 periculo-

69 1648 267 1703 tissima
292 1650 458 1704 statio
489 1646 604 1719 fuit,
627 1660 768 1716 quae
802 1648 1069 1704 tutissima
1093 1647 1388 1710 videbatur.
1446 1647 1637 1704 Caesis
1666 1646 1990 1717 custodibus,
2019 1648 2272 1702 ‘sarcinae

72 1750 103 1790 n
130 1733 357 1794 bostium
385 1740 711 1808 potestatem
738 1748 957 1805 venere,
989 1734 1209 1792 Bobemi
1244 1735 1367 1808 fusi,
1396 1749 1462 1792 se
1499 1735 1566 1791 ad
1587 1736 1814 1794 Suevos
1854 1737 2134 1807 recipiunt,
2169 1734 2268 1792 sed

69 1825 247 1879 necilli
274 1826 619 1896 improvisam
636 1826 744 1880 vim
763 1824 1115 1892 ingruentium
1136 1826 1413 1883 sustinere
1448 1830 1768 1895 potuerunt3
1795 1827 1977 1893 etjam
2005 1824 2062 1880 in
2088 1821 2270 1890 rugam

73 1912 390 1987 nelinabant,
418 1927 553 1980 cum,
579 1911 856 1969 intellecto
886 1911 1143 1982 periculo,
1188 1915 1387 1970 missus
1435 1929 1466 1969 a
1509 1927 1636 1982 rege
1675 1927 1793 1969 cum
1838 1918 2024 1983 quarta
2051 1911 2268 1980 legione

69 1998 324 2058 :onradus
371 2003 599 2075 primum
627 2002 772 2056 sistit
810 1998 1075 2070 labantes,
1120 1999 1314 2058 deinde
1352 2004 1410 2060 in
1450 2002 1707 2060 adversos
1745 2002 1989 2058 reducit:
2027 2000 2268 2056 vicissim

69 2088 319 2157 pelluntur
345 2091 550 2160 hostes,
579 2088 991 2158 caedunturque,
1021 2088 1123 2157 qui.
1138 2091 1340 2162 praeda
1366 2089 1546 2160 fugam
1574 2095 1937 2160 gravaverant.
1992 2087 2268 2146 Conradus

69 2179 221 2234 (ictor
247 2180 313 2234 ad
339 2193 522 2249 regem
552 2177 704 2234 redit.
775 2176 1133 2247 Notatumque
1162 2182 1247 2234 est
1286 2179 1478 2249 (quod‘
1505 2182 1665 2236 etiam
1700 2179 1898 2235 nostris
1939 2176 2270 2248 temporibus

69 2266 193 2335 :pud
238 2266 488 2326 Treviros
512 2263 995 2324 Brunsvicensibus
1026 2266 1197 2335 copiis
1242 2281 1311 2322 ex
1324 2267 1681 2336 Luneburgici
1704 2270 1821 2336 ‘agri
1843 2267 2048 2323 colonis
2073 2278 2269 2322 recens

69 2350 168 2408 fere
197 2358 515 2426 conscriptis
537 2356 764 2425 evenit),
791 2357 852 2410 ut
878 2353 1049 2425 militi,
1078 2355 1167 2425 qui
1184 2368 1450 2424 nunquam
1480 2359 1639 2411 antea
1666 2355 1876 2410 bostem
1920 2355 2142 2427 viderat,
2179 2355 2267 2410 vi-

69 2443 222 2497 :toria
249 2442 553 2517 deberetur,
569 2446 655 2501 cui
682 2445 979 2510 ignorantia
1006 2444 1229 2516 periculi
1257 2447 1454 2501 metum
1484 2444 1809 2500 sustulisset.
1864 2442 1974 2500 Sed
2001 2443 2105 2499 boc
2128 2456 2272 2500 non·

69 2530 156 2582 iisi
184 2530 516 2597 praeludium
545 2532 736 2601 praelii
762 2533 879 2603 suit,
908 2534 1051 2602 quod
1077 2547 1200 2588 mox
1229 2533 1420 2588 eodem
1447 2532 1538 2587 die
1566 2533 1907 2587 commissum
1948 2537 2034 2588 ost
2071 2544 2274 2589 secun-

69 2614 175 2670 ium
204 2615 566 2676 witikindum.
623 2619 888 2676 Ditmarus
917 2620 1145 2677 Conradi
1171 2621 1450 2675 victoriam
1477 2620 1822 2690 praecedenti
1849 2619 1958 2674 diei
1994 2618 2191 2674 tribuit.

193 2704 276 2760 10.
348 2704 479 2763 Erat
505 2707 562 2763 in
588 2712 880 2776 conspectu
908 2706 1120 2763 hostilis
1148 2708 1317 2777 acies,
1354 2711 1410 2763 et
1430 2710 1543 2775 jam
1565 2711 1788 2778 jamque
1811 2709 2088 2763 incursura
2113 2707 2276 2763 vide—

69 2796 219 2849 ›atur.
291 2792 405 2849 Rex
449 2795 516 2852 de
558 2794 792 2854 celsiore
831 2795 956 2852 loco
998 2809 1126 2852 suos
1166 2794 1438 2851 hortatus:
1487 2796 1590 2853 Dei
1619 2807 1921 2866 causaeque
1952 2800 2008 2852 et
2034 2798 2273 2865 superati
2348 2843 2366 2866 .

69 2892 153 2935 am
181 2895 215 2940 a
241 2886 394 2952 patre
422 2883 883 2955 ejusdamliostis,
924 2884 1154 2954 denique
1181 2884 1560 2954 magnitudinis
1588 2884 1932 2941 Germanicae
1960 2885 2274 2941 meminisse

71 2967 214 3025 ubet.
288 2971 511 3045 Pudeat,
549 2973 735 3044 inquit,
750 2976 875 3039 jam
898 2976 1065 3029 totius
1084 2987 1223 3046 pene
1244 2961 1507 3044 Europae
1533 2975 1777 3030 dentium
1801 2974 2054 3029 barbaris
2079 2988 2274 3048 munus

69 3055 202 3130 iare,
239 3063 334 3132 qui
358 3064 408 3116 si
434 3076 677 3132 numero,
710 3065 762 3118 at·
783 3065 1007 3134 oaqietis,
1045 3064 1095 3117 si
1121 3062 1291 3133 furiis
1325 3064 1536 3130 vatam
1575 3078 1677 3118 nos
1712 3066 1923 3134 virtute,
1963 3077 2065 3118 uos
2101 3066 2276 3122 armis

69 3144 381 3222 temerariis,
406 3151 717 3208 coelestibus
743 3152 967 3222 denique
988 3154 1213 3208 aua-iliis
1236 3153 1546 3222 superiores
1567 3167 1767 3207 snmus.
1826 3152 1996 3208 Plura
2022 3153 2276 3222 dicerent,

69 3235 254 3306 trilices,
299 3241 348 3291 ai
384 3243 657 3310 putarem,
695 3239 1075 3309 fortitudinem
1114 3246 1352 3298 vestram
1380 3240 1572 3296 ,verbis
1614 3242 1808 3310 anyer-i
1843 3251 2031 3309 posse.-
2077 3240 2273 3296 melitis

69 3326 296 3392 wempIo
323 3326 606 3384 hortabor.
639 3327 807 3383 Simul
827 3332 1038 3400 arrepta
1056 3342 1211 3385 sacra
1237 3328 1447 3394 lancea,
1475 3343 1666 3399 equum
1693 3331 1942 3401 princeps
1969 3331 2026 3384 in
2057 3328 2272 3386 bostem

69 3411 225 3464 vertit.
299 3413 633 3474 comitantur
674 3420 883 3474 euntem
924 3418 1103 3486 gravis
1137 3424 1436 3474 armaturae
1463 3419 1690 3490 equites,
1732 3420 1887 3489 equis
1915 3420 2077 3474 etiam
2120 3421 2274 3474 cata-

69 3491 287 3561 phractis
332 3505 651 3575 insidentes,
701 3518 807 3561 nec
850 3508 1157 3575 sagittarum
1200 3505 1345 3564 nube
1390 3506 1674 3563 tardantur.
1758 3505 1862 3562 Ubi
1901 3520 1990 3563 res
2031 3506 2273 3562 cominus

69 3587 166 3647 ieri
191 3594 387 3661 coepit,
427 3593 514 3648 diu
545 3599 931 3664 certatum=est,
960 3595 1216 3666 multique
1244 3596 1506 3667 utrimque
1533 3596 1799 3667 cecidere,
1826 3593 2066 3650 barbaris
2095 3581 2273 3652 tamen

69 3671 121 3724 id
148 3683 478 3743 postremum
507 3684 729 3740 audacia
756 3698 865 3740 non
887 3684 1122 3756 duravit;
1150 3699 1273 3741 nam
1300 3690 1358 3741 ut
1383 3684 1494 3740 illis
1523 3699 1738 3742 arcuum
1765 3696 1895 3739 usus
1924 3687 2142 3754 ereptus
2170 3687 2272 3753 est,

69 3766 474 3829 caeteraleviter
491 3775 723 3843 armatis,
735 3771 1113 3830 Germanorum
1132 3774 1295 3843 gladii
1312 3774 1608 3845 hastaeque
1627 3771 2054 3843 praevaluerunt.
2084 3771 2273 3842 ltaque

69 3849 274 3912 Primum
316 3860 577 3918 inclinare
617 3864 764 3918 acies
806 3862 1017 3918 hostilis
1058 3877 1125 3919 ac
1165 3862 1378 3936 turbari,
1418 3878 1542 3920 mox
1567 3877 1693 3934 pars
1720 3869 1872 3932 terga
1897 3864 2126 3933 vertere,
2168 3875 2274 3932 po·
2367 3927 2380 3938 ‚

69 3936 251 3997 stremo
293 3960 482 4006 omnes
525 3948 709 4006 effusis
753 3950 979 4008 habenis
1020 3951 1198 4021 sugam
1237 3953 1392 4009 inire.
1465 3951 1629 4008 Tanta
1657 3950 1933 4007 multitudo
1964 3949 2079 4022 tuit,
2116 3955 2178 4006 ut
2203 3964 2274 4005 ex

69 4030 213 4083 muris
240 4032 517 4106 Augustae
544 4042 774 4110 spectati
799 4043 1008 4109 integro
1037 4025 1274 4098 citercitu
1301 4040 1480 4098 redire
1508 4041 1574 4097 ad
1597 4039 1930 4098 obsidionem
1948 4040 2273 4110 viderentur,

69 4123 242 4180 magno
284 4130 427 4186 metu
475 4128 685 4200 civium,
728 4143 801 4186 ne
842 4131 1130 4196 vicissent;
1187 4130 1363 4188 donec
1401 4127 1690 4203 praeterita
1731 4129 1881 4200 urbe,
1921 4128 2120 4198 Lycum
2157 4128 2274 4197 peti

69 4207 311 4268 'iwan-uit.
383 4215 699 4274 inchoferus
740 4220 795 4276 in
836 4218 1213 4276 ecclesiastica
1253 4218 1619 4289 nungarorum
1660 4220 1883 4276 historia
1926 4232 2043 4275 eam
2078 4219 2136 4274 in
2159 4227 2274 4274 reta

69 4293 312 4390 quaedam
342 4316 424 4360 ‘ex
463 4306 763 4364 Frodoardo
803 4321 901 4379 per
942 4321 1176 4366 errorem
1217 4307 1363 4379 citat,
1410 4320 1551 4380 quae
1576 4308 1644 4366 ad
1672 4308 1902 4364 Udalrici
1928 4304 2274 4379 biograpbum

69 4382 339 4443 pertinent.
411 4393 657 4466 Plerique
698 4410 795 4468 per
835 4410 999 4472 agros
1028 4393 1273 4470 palantes
1318 4399 1410 4458 aut
1436 4399 1492 4456 in
1519 4397 1676 4458 villas
1701 4396 1918 4471 profugi
1956 4397 2105 4455 caesi
2132 4399 2275 4466 sunt,
