2817 4959
613 277 1145 346 ANNALES
1215 280 1670 347 IMPERII
2126 286 2253 352 535

88 468 157 513 [a.
192 452 262 508 1).
305 453 461 509 1001.
534 454 642 510 800
683 455 949 524 quodnam
990 453 1150 510 fuerit
1191 452 1472 511 castellum
1512 456 1732 525 regium,
1774 458 1830 511 ut
1856 456 2156 528 appellatur
2182 458 2248 516 ab
2278 457 2504 529 ,ij-15,

85 550 212 607 ¹nne
245 555 299 599 0.
322 539 385 596 D.
408 540 529 612 941,
563 541 655 598 ubi
685 556 851 614 saepe
879 544 1001 599 data
1032 542 1336 616 diplomata,
1365 543 1593 614 amplius
1621 545 2007 613 inquirendum.

84 644 89 693 ι
150 630 245 685 12.
328 630 542 685 interea
570 632 844 701 nugonem
879 644 1061 701 regem
1096 632 1153 687 in
1186 632 1340 688 ltalia
1369 645 1469 689 sua
1497 632 1606 688 sata
1632 632 1908 702 urgebant.
1978 633 2258 706 Plerisque

83 716 495 791 agobardorum
536 719 851 790 proceribus
894 733 1090 778 exosus
1132 723 1264 791 0101,
1303 723 1422 777 sive
1461 721 1625 777 insita
1664 716 1848 778 eorum
1887 721 2255 793 instabilitate,

81 818 127 863 re
168 806 328 876 quod
370 810 429 862 et
463 806 667 864 duriter
703 806 1039 865 haberentur.
1112 808 1179 863 Et
1214 810 1306 878 qui
1335 809 1586 865 iratribus
1622 814 1678 865 et
1705 810 1894 865 amicis
1918 824 2027 866 non
2055 823 2257 882 peper-

79 899 178 977 101,
221 896 316 950 001
345 897 688 966 suspiciones
715 912 811 967 pro
840 898 1059 953 crimine
1087 900 1256 969 erant,
1291 898 1405 969 pari
1434 899 1664 954 omnium
1694 903 1835 954 metu
1863 898 2095 969 odioque
2123 912 2260 970 age-

78 986 127 1049 t:
188 982 514 1054 accedebat,
554 984 696 1055 quod
737 984 1034 1053 Burgundis
1076 987 1189 1040 suls
1232 988 1410 1042 omnia
1452 985 1712 1055 crederet,
1753 985 1918 1042 Italos
1957 986 2105 1043 nullo
2132 987 2257 1045 loco

76 1052 273 1129 bebat.
346 1071 702 1141 Berengarius
740 1086 941 1129 memor
982 1073 1202 1130 fraterni
1232 1087 1388 1130 casus
1416 1088 1479 1130 se
1507 1073 1841 1130 subtraxerat
1881 1078 2162 1149 saevienti,
2202 1081 2260 1134 et

94 1159 310 1215 Suevia
338 1159 536 1231 Alpina
569 1160 732 1217 rebus
771 1161 971 1218 Italicis
1013 1167 1255 1220 intentus
1290 1161 1515 1232 agebat3
1557 1177 1676 1219 cum
1719 1161 1860 1219 fama
1893 1164 2259 1237 increbrescit,

72 1260 307 1317 ugonem
356 1248 629 1321 plerisque
674 1250 1083 1308 intolerabilem
1118 1251 1330 1309 factum.
1421 1250 1564 1321 Ergo
1608 1251 1949 1324 Amadaeum‚
1989 1252 2255 1309 hominen

71 1335 182 1392 lum
225 1341 287 1392 et
330 1336 598 1410 callidum,
640 1338 971 1412 exploratum
1011 1342 1187 1413 mittit,
1229 1342 1322 1410 qui
1350 1354 1471 1395 cum
1495 1339 1735 1409 lingonis
1763 1340 2006 1397 hostibus
2036 1342 2258 1399 consul-

70 1430 179 1497 ret,
223 1426 458 1482 aliorum
497 1428 707 1484 animos
741 1433 990 1487 tentaret.
1079 1429 1183 1485 1110
1222 1428 1404 1486 habitu
1444 1431 1698 1500 pauperis
1739 1431 2010 1499 peregrini
2037 1430 2255 1486 Romam

67 1516 264 1571 0100110
315 1513 526 1570 ltaliam
565 1518 860 1587 ingressus,
897 1518 1166 1589 principes
1195 1519 1463 1590 convenit,
1505 1517 1604 1573 sed
1642 1518 1821 1574 Protei
1849 1519 2018 1573 instar
2058 1517 2258 1575 formas

65 1602 357 1674 coloresque
402 1603 656 1662 mutabat.
747 1604 881 1661 Cum
933 1606 1148 1661 indiciis
1202 1604 1603 1676 erumpentibus
1647 1620 1681 1662 a
1724 1618 1856 1676 rege
1899 1610 2259 1677 quaereretur,

63 1692 248 1747 arbam
273 1696 330 1747 01
359 1691 586 1763 capillos
627 1695 751 1763 pice
793 1697 1037 1765 turpavit,
1079 1695 1192 1763 regi
1234 1694 1338 1765 ipsi
1367 1707 1498 1749 sese
1535 1694 1675 1750 inter
1702 1694 1980 1751 mendicos
2007 1695 2260 1765 ostendit,

61 1792 422 1850 canonesque
462 1783 694 1852 excepit.
764 1780 1008 1853 Denique
1035 1781 1316 1837 custoditis
1358 1780 1541 1851 clusis,
1584 1796 1681 1851 per
1706 1784 1826 1838 avia
1853 1785 2110 1840 montium
2139 1784 2260 1839 loca

61 1883 80 1924 ι
106 1867 450 1925 Germaniam
476 1868 649 1925 rediit.
722 1870 869 1926 llaec
895 1873 1020 1927 ante
1047 1885 1207 1926 unum
1236 1869 1533 1927 alterumve
1559 1883 1753 1926 annum
1780 1874 1916 1927 0010.

170 1957 256 2013 13.
329 1957 483 2014 Nunc
520 1970 652 2014 vero
692 1961 911 2014 maturis
953 1958 1130 2030 rebus,
1171 1960 1464 2015 constituto
1493 1972 1612 2013 cum
1641 1961 1827 2015 amicis
1858 1963 2114 2030 tempore,
2152 1959 2262 2016 Be·

57 2048 305 2113 sagatius
348 2059 419 2102 ex
458 2045 658 2102 Suevia
698 2059 795 2116 per
826 2046 1118 2103 Venustnm
1152 2046 1348 2104 vallem
1390 2047 1447 2102 in
1487 2047 1696 2102 ltaliam
1735 2046 1966 2104 collecta
2006 2047 2262 2104 mediocri

55 2148 189 2190 0000
216 2133 401 2190 100011.
475 2132 755 2190 Manasses
784 2133 1119 2191 Arelatensis
1147 2134 1603 2208 archiepiscopus,
1644 2135 1742 2191 000
1772 2138 1861 2206 qui
1889 2137 2080 2191 alienis
2108 2135 2262 2191 sedi-

53 2236 149 2293 lus,
186 2221 455 2294 Mantuae,
495 2223 758 2294 Veronae,
801 2221 1047 2279 Tridento
1088 2221 1392 2294 incubabat,
1432 2226 1489 2281 in
1518 2228 1879 2296 suspicionem
1907 2223 2144 2292 lingonis
2172 2226 2265 2293 (01

51 2311 291 2382 arbitror)
320 2311 606 2379 incideram
635 2313 721 2367 cui
740 2311 901 2368 etiam
922 2309 993 2366 ob
1022 2314 1267 2380 negatam
1295 2325 1448 2382 spem
1472 2312 1890 2369 mediolanensis
1920 2312 2068 2368 sedis
2093 2313 2264 2367 iratus

49 2405 168 2470 irat,
213 2414 370 2470 quam
414 2413 512 2456 rex
556 2399 665 2454 11110
708 2398 1025 2456 destinabat.
1112 2400 1300 2470 ltaque
1340 2401 1447 2456 sibi
1488 2406 1734 2457 metuens
1776 2416 1895 2457 cnm
1936 2400 2262 2469 Berengario

49 2488 393 2559 conspirabat.
466 2487 695 2545 Venerat
723 2492 781 2544 01
802 2488 933 2544 Milo
970 2490 1023 2543 in
1061 2492 1260 2559 partes,
1298 2489 1540 2545 Veronae
1569 2504 1752 2546 comes
1778 2488 1867 2546 vel
1895 2488 2261 2557 10010010]οι

49 2577 136 2635 mh
165 2579 380 2633 seniore
406 2576 747 2646 Berengario,
772 2578 999 2646 insignis
1025 2578 1222 2632 virtute
1241 2581 1297 2632 et
1315 2576 1525 2647 opibus,
1554 2580 1611 2633 et
1631 2576 1806 2645 iidem,
1833 2591 1989 2647 quam
2019 2578 2262 2647 010100-

49 2668 262 2738 3titerat‚
298 2668 356 2721 in
382 2669 634 2737 nepotem
662 2662 1010 2734 transferens,
1051 2678 1169 2720 cum
1199 2666 1363 2719 variis
1402 2665 1610 2732 injuriis
1652 2663 1720 2718 ab
1760 2665 1982 2731 lingone
2023 2665 2262 2719 irritatas

49 2759 211 2812 00001.
277 2753 386 2810 Sed
427 2758 484 2809 et
512 2752 667 2810 Wido
706 2751 1026 2808 Mutinensis
1068 2754 1373 2823 episcopus,
1416 2751 1617 2806 multae
1653 2752 1734 2804 vir
1773 2752 2090 2821 autoritatis,
2131 2764 2262 2820 pro·

49 2846 206 2900 missa
238 2841 452 2898 abbatia
486 2841 858 2898 Nonantulana
899 2844 1175 2909 corruptus
1216 2842 1348 2894 erat.
1419 2838 1771 2906 Berengarins
1811 2840 1868 2893 in
1903 2838 2049 2894 aditu
2075 2836 2267 2895 ltaliae

49 2932 409 2989 Formicariam
453 2944 646 3003 arcem,
700 2928 768 2985 ab
806 2927 1073 2987 Adelardo
1119 2926 1319 2982 clerico
1374 2925 1640 2982 Manassis
1689 2925 1891 2982 cliente
1947 2925 2264 2981 custoditam

49 3019 277 3078 offendit.
338 3019 446 3076 800
473 3019 614 3075 bunc
640 3018 895 3075 Comensi
923 3018 1238 3086 episcopatu
1269 3016 1535 3085 promisso
1565 3027 1716 3070 suum
1747 3013 1893 3070 fecit.
1965 3011 2095 3069 Milo
2123 3013 2263 3083 apud

49 3121 225 3179 regem
251 3112 378 3180 erat,
406 3122 525 3163 cum
554 3108 622 3164 00
649 3106 880 3163 adventu
905 3104 1213 3183 Berengarii
1238 3105 1537 3160 nuntiatum
1564 3106 1666 3160 est.
1740 3100 2036 3172 sentiebat,
2069 3114 2135 3157 se
2159 3100 2267 3156 ob-

50 3199 259 3270 servari,
285 3197 381 3254 sed
409 3195 665 3253 custodes
692 3198 819 3252 vino
848 3195 1063 3267 sepelit,
1093 3199 1148 3250 et
1173 3205 1281 3250 000
1309 3193 1505 3247 comite
1533 3193 1791 3261 armigero
1820 3196 1983 3247 noctu
2011 3190 2265 3260 evadens,

51 3285 308 3344 Veronam
334 3284 576 3355 advolat3
614 3282 937 3352 Bereugario
963 3287 1146 3354 portas
1175 3284 1362 3352 aperit.
1436 3281 1561 3337 Mox
1588 3280 1743 3337 adest
1769 3279 1926 3337 Wido
1954 3280 2266 3349 episcopus,

53 3377 200 3444 00100
236 3373 354 3429 dum
392 3386 573 3430 arcem
598 3371 877 3430 vineolam
916 3372 1071 3444 Hugo
1111 3373 1279 3427 iratus
1319 3372 1605 3440 oppugnat,
1645 3368 1997 3438 Berengarius
2035 3368 2268 3422 vocante

53 3462 329 3520 liuderico
368 3461 641 3534 praesule,
679 3460 986 3519 Mediolano
1026 3461 1254 3532 potitur;
1300 3473 1406 3528 quo
1438 3456 1734 3530 intellecto,
1773 3457 2052 3526 nugonem
2076 3464 2266 3509 omnes

58 3553 315 3622 00001010,
355 3550 422 3606 00
461 3550 836 3620 Berengarium
877 3546 1390 3616 0000001011ομ
1438 3548 1852 3618 0001110100,οο
1890 3542 2103 3612 Papiam
2145 3553 2266 3595 cum

50 3639 308 3698 thesauris
334 3640 543 3710 recipit.
614 3637 746 3695 lude
772 3637 951 3707 fugam
976 3639 1033 3693 in
1060 3637 1411 3706 Burgundiam
1437 3640 1604 3706 parat.

190 3728 270 3784 14.
336 3726 488 3784 Haec
513 3730 626 3784 1010
652 3725 1007 3798 Luitprandns
1035 3724 1283 3781 narrandi
1309 3723 1565 3794 lubricus,
1602 3736 1727 3779 nam
1756 3718 1918 3788 addit,
1953 3728 2095 3788 quae
2121 3676 2269 3770 difli-

60 3815 248 3873 cultate
270 3816 407 3872 baud
435 3820 636 3873 carent.
707 3816 944 3873 Manassi
984 3816 1059 3870 ait
1099 3816 1421 3885 promissum
1457 3810 1974 3880 archiepiscopatum
2001 3803 2271 3860 Mediola-

58 3917 287 3976 nensem,
324 3904 423 3962 sed
463 3904 561 3960 ille
598 3919 710 3962 non
733 3901 975 3960 vacabat.
1054 3901 1306 3970 Sigonius
1334 3899 1538 3971 scribit,
1577 3898 1834 3953 Ardet-ico
1863 3908 1987 3950 mox
2016 3894 2270 3963 extincto,

60 3993 362 4050 Ademtum
378 3995 432 4049 ei
451 3993 754 4063 sublegisse
772 3989 1204 4048 Mediolanenses
1228 4003 1296 4045 ex
1318 4000 1452 4044 snae
1474 3987 1746 4044 ecclesiae
1769 3980 2142 4053 cardinalibus,
2171 3979 2270 4036 sed

62 4080 348 4138 Manassen
365 4080 660 4139 obtrusum.
714 4078 878 4149 Culus
908 4081 1084 4148 etiam,
1114 4082 1173 4133 ut
1190 4076 1581 4146 archiepiscopi
1601 4072 2036 4130 Mediolanenses
2056 4068 2274 4125 tabulae

63 4172 371 4227 mentionem
390 4167 593 4226 faciunt
609 4170 677 4226 ad
696 4184 746 4225 0.
764 4168 827 4225 D.
848 4168 965 4239 947,
995 4166 1088 4221 nbi
1115 4164 1416 4222 afferemus.
1489 4162 1660 4217 Etiam
1688 4163 2011 4231 Augustanis
2040 4159 2271 4217 comitiis

66 4273 113 4315 a.
141 4256 336 4314 D.952.
366 4256 628 4315 interfuit.
701 4255 809 4313 Sed
851 4256 918 4313 de
962 4254 1124 4313 rebus
1153 4251 1645 4310 Mediolanensibus
1692 4253 1922 4307 certiora
1965 4262 2068 4304 uos
2112 4245 2274 4302 docet

66 4345 300 4403 Aruulius
326 4345 614 4403 historicus
641 4361 675 4401 a
702 4358 787 4401 me
816 4345 1009 4405 editus.
1080 4343 1233 4412 Ilugo
1259 4339 1621 4398 'theobaldum
1654 4339 1816 4396 fllium
1847 4336 2068 4394 nothum
2093 4332 2273 4389 archi-

68 4436 331 4493 diaconum
356 4434 813 4494 Mediolanensem
844 4431 958 4492 fieri
988 4435 1265 4490 curaverat
1290 4433 1348 4489 in
1375 4443 1526 4503 spem
1556 4427 2077 4500 archiepiscopatum
2116 4424 2274 4479 norat
