2817 4959
681 359 1254 458 ἱΑΝΝΑΜςε
1323 357 1784 424 rmrnnlr
2239 358 2362 422 2¹1

826 534 1054 604 ANNo
1102 534 1417 604 CHRISTI
1460 532 1694 606 1105-

117 701 413 752 (lethardus
440 702 489 743 et
513 694 758 743 letfridus
783 694 1063 741 monasteria
1086 693 1311 740 Horreum
1338 695 1387 738 et
1411 691 1460 738 S.
1478 688 1714 737 Haxiniini
1742 688 1864 745 apud
1890 687 2106 734 ‘treviros
2132 686 2370 741 invadunt,

214 787 248 820 a
276 784 396 828 rege
437 768 648 815 Conrado
691 771 739 812 et
777 765 1049 814 Gebebardo
1089 765 1312 809 fratribus
1352 774 1589 808 concessa.
1637 781 1684 794 ·-
1730 759 1923 816 Sergius
1961 769 2081 815 papa
2107 757 2371 803 Bremensis

216 844 460 891 eeclesiae
489 839 740 897 privilegia
768 837 1019 882 contii-mat.
1097 835 1375 881 Adelbertus
1421 832 1674 878 mindensis
1719 831 1961 887 episcopus
2005 828 2121 881 obit,
2165 828 2374 872 succedit

211 916 493 963 ter-nudus.
516 932 573 945 --
615 910 802 964 comas
825 913 1033 965 apparet.
1060 906 1237 963 Regino
1256 915 1346 950 non
1363 908 1577 950 accurate
1596 907 1799 958 tempora
1817 904 1960 947 nor-t.
1986 920 2041 933 -—
2084 897 2370 944 mutantini

210 982 656 1043 Porphyrogenneti
682 981 917 1026 nativitas.
945 1001 1000 1012 -
1041 977 1300 1022 Lndovicns
1340 988 1427 1020 rex
1469 973 1705 1019 confirmat
1740 971 2119 1028 permutationem
2148 970 2371 1016 bonorum
2405 965 2411 976 '

212 1061 348 1105 inter
373 1054 688 1103 Adalbardum
729 1051 940 1096 comitem
981 1053 1030 1095 et
1067 1049 1279 1093 abbatem
1314 1047 1607 1092 Fuldensem.
1658 1043 1948 1089 Adalhardns
1976 1042 2095 1088 alins
2125 1044 2199 1086 est
2223 1053 2251 1084 a
2276 1040 2369 1084 Ba-

211 1127 506 1185 bebergensi
531 1135 697 1170 comes.
718 1122 931 1180 Diploma
955 1121 1184 1177 integrum
1209 1118 1409 1164 additur.

283 1238 334 1293 1.
419 1231 722 1290 Gerbardus
768 1233 825 1286 et
867 1225 1166 1297 liutfridus,
1219 1227 1471 1296 potentes
1514 1213 1878 1280 Lotbariensis
1922 1220 2075 1289 regni
2120 1217 2366 1290 comites,
2392 1212 2461 1282 Δ.
2485 1210 2623 1284 ssim.

138 1323 516 1385 zuendiboldo
559 1320 761 1391 occiso,
801 1317 1210 1389 opulentissima
1248 1313 1389 1385 apud
1418 1311 1665 1367 Treviros
1694 1310 2021 1366 monasteria
2046 1307 2372 1379 invaserant,

142 1417 408 1474 Horreum
451 1410 712 1468 nobilium
757 1407 1053 1480 puellarum
1081 1407 1139 1460 et
1164 1403 1218 1460 S.
1254 1401 1528 1458 Maximini
1554 1401 1818 1465 virorum
1864 1400 1921 1454 et
1948 1398 2101 1467 quasi
2127 1395 2366 1464 obligato

141 1506 435 1574 Lueovico,
457 1504 608 1571 cujus
629 1496 896 1556 aemulum
923 1489 1287 1563 sustulissent,
1312 1495 1430 1546 rata
1458 1491 1579 1566 acta
1604 1485 1723 1544 fore
1750 1487 2044 1559 sperarant.
2088 1483 2199 1540 Sed
2219 1481 2368 1540 Con·-

138 1597 323 1664 rndus,
369 1593 465 1663 qui
503 1589 682 1646 omnia
722 1585 864 1656 apud
903 1596 1087 1652 regem
1129 1583 1357 1653 poterat,
1403 1577 1544 1640 bunc
1582 1575 1762 1633 bolum
1799 1573 1902 1630 sibi
1933 1573 2067 1643 eripi
2093 1586 2202 1630 non
2229 1570 2368 1630 tulit.

136 1684 381 1741 Eosdem
407 1681 551 1737 enim
575 1676 828 1746 bonores,
855 1672 1047 1731 eadem
1074 1667 1557 1753 beneficia'gludum
1585 1664 1690 1721 sibi
1721 1663 1975 1732 fratrique
1995 1659 2307 1720 Gebehardo
2335 1671 2371 1716 a

135 1787 274 1844 rege
317 1783 482 1841 puero
516 1767 843 1838 impetrarat.
913 1758 1117 1815 Ducem
1158 1760 1320 1814 etiam
1346 1754 1753 1810 mosellanicnm
1780 1750 1989 1822 agebat,
2030 1753 2088 1805 et
2113 1763 2210 1820 pro
2238 1760 2372 1818 rege

140 1858 580 1919 Transrhenanas
608 1864 823 1924 quoque
849 1850 1102 1918 regiones
1129 1842 1554 1902 administrabat.
1606 1841 1736 1896 Cum
1757 1841 1943 1896 moniti
1963 1851 2069 1893 non
2097 1836 2371 1906 cederent,

145 1964 260 2009 nec
275 1948 532 2005 mandatis
547 1944 713 2013 regiis
733 1940 1029 2008 obedirent,
1056 1935 1243 1991 bostes
1260 1921 1488 2003 judicati
1511 1943 1655 1986 arma
1679 1939 1905 1986 sensere
1926 1939 2067 1982 anno
2085 1927 2371 1995 sequente.

297 2038 349 2093 2.
399 2034 549 2092 Circa
572 2033 712 2089 baec
738 2035 981 2101 tempora
1008 2023 1231 2093 contigit
1255 2022 1395 2092 (etsi
1414 2031 1584 2075 annus
1604 2015 1806 2076 deliniri
1837 2029 1945 2070 non
1971 2012 2195 2086 possit),
2223 2012 2371 2081 qnod

139 2128 384 2186 Adamas
410 2122 712 2181 Bremensis
741 2133 810 2176 ex
836 2113 1124 2190 pontificiis
1152 2111 1348 2168 tabulis
1375 2107 1562 2178 refert,
1602 2106 1840 2173 Sergium
1866 2102 2149 2172 Adalgario
2191 2100 2372 2158 archi-

141 2221 404 2291 episcopo
418 2212 723 2270 Bremensis
743 2206 1014 2267 ecclesiae
1031 2201 1312 2273 privilegia
1330 2201 1392 2268 (a
1411 2197 1666 2254 Formoso
1684 2191 2043 2260 labefactata)
2057 2201 2370 2260 renovasse,

142 2312 198 2366 et
221 2314 582 2378 quaecunque
606 2315 639 2356 a
661 2297 918 2367 Gregorio
948 2298 1003 2349 et
1018 2289 1245 2348 Nicolae
1261 2285 1587 2344 Anscbarius
1611 2287 1668 2339 et
1684 2279 1984 2337 Rimbertus
2012 2278 2372 2348 obtinuerant,

140 2396 462 2453 roborasse:
517 2394 576 2446 et
619 2390 746 2461 qaia
783 2382 1098 2453 Adalgarius
1144 2378 1298 2435 annis
1342 2374 1522 2446 gravis
1562 2368 1833 2443 pastorale
1871 2367 2108 2425 officium
2137 2367 2371 2422 circum·-

143 2485 320 2554 eundi,
347 2478 713 2556 praedicandi,
754 2470 1106 2531 consecrandi
1141 2479 1304 2536 aegre
1331 2463 1482 2532 obire
1510 2463 1736 2532 poterat,
1765 2457 1984 2513 dedisse
2013 2456 2067 2510 ei
2092 2455 2369 2524 adjutores

143 2561 435 2647 episco‘pos
456 2569 681 2637 vicinos,
708 2559 1085 2634 sigemundum
1105 2552 1632 2619 ualberstadensem,
1661 2544 1993 2615 wigbertum
2020 2542 2369 2613 verdensem,

139 2665 396 2721 Bisonem
434 2655 918 2720 Padeboruensem,
960 2651 1018 2704 et
1050 2646 1340 2702 Bernarios
1366 2641 1520 2711 dnos,
1563 2650 1721 2693 unum
1750 2633 2099 2701 mindensem,
2142 2630 2369 2687 alterum

142 2750 629 2818 osnabrugensem.
702 2741 820 2798 Hoc
858 2741 1008 2794 certe
1047 2748 1187 2791 anno
1215 2730 1571 2788 Adelbertum
1593 2723 1924 2781 mindensem
1948 2720 2169 2789 obiisse,
2199 2718 2370 2774 disci-

143 2855 260 2900 mus
287 2852 362 2896 ex
376 2834 630 2892 Fuldensi
657 2827 986 2897 necrologio,
1015 2826 1103 2880 cui
1121 2822 1405 2879 Bernarius
1434 2815 1525 2872 vel
1541 2811 1842 2871 Bernardus
1868 2807 2151 2866 successit.
2180 2805 2371 2873 ltaque

143 2930 300 2988 valde
337 2929 515 2983 errant
552 2921 918 2978 chronicorum
946 2914 1054 2970 loci
1082 2912 1392 2980 scriptores,
1435 2906 1525 2975 qui
1548 2899 1827 2958 Adelberti
1854 2901 2094 2965 tempora
2118 2892 2189 2950 ad
2215 2890 2368 2952 Hen-

144 3020 237 3076 rici
263 3016 506 3086 Aucupis
531 3024 753 3080 regnum
777 3007 1063 3072 victosque
1092 2998 1332 3067 Ungaros
1365 2992 1681 3064 producunt.

283 3106 335 3163 3.
396 3103 515 3159 Hoc
541 3113 679 3157 anno
708 3096 886 3153 medio
914 3092 1074 3161 Maio,
1101 3088 1286 3157 quinta
1311 3085 1646 3152 septimanae
1672 3075 1825 3145 feria,
1853 3070 2097 3144 apparuit
2124 3071 2369 3126 cometes

147 3197 308 3255 stella
345 3194 495 3249 circa
534 3185 971 3257 septentrionem,
1016 3192 1050 3234 a
1089 3174 1254 3233 circii
1292 3172 1451 3243 plaga
1488 3169 1694 3226 radium
1732 3165 2002 3233 ingentem
2026 3160 2281 3220 emittens
2307 3157 2364 3216 in

146 3284 546 3348 Euroanstrum,
587 3275 740 3347 quasi
780 3269 1146 3338 longissimam
1186 3262 1393 3318 hastam
1421 3261 1561 3315 inter
1587 3256 1818 3316 Leonem
1850 3256 1906 3309 et
1930 3250 2189 3310 Geminos
2217 3251 2383 3306 trans.

149 3374 441 3440 zodiacum,
487 3370 545 3425 et
578 3365 698 3420 visa
725 3364 812 3417 est
838 3356 1029 3415 diebus
1057 3355 1144 3410 23.
1210 3349 1388 3409 Verba
1430 3346 1663 3405 exhibeo
1710 3342 1944 3398 chronici
1984 3335 2361 3406 Floriacensis,

149 3466 300 3532 cujus
342 3456 634 3526 descriptio
675 3450 740 3511 ad
783 3448 991 3504 initium
1035 3441 1385 3515 apparitionis
1427 3437 1677 3508 pertinet.
1748 3429 2023 3488 Cometam
2060 3426 2264 3493 Reffl'ne
2302 3422 2363 3477 in

150 3563 346 3614 annm
363 3543 775 3616 praecedentem
801 3534 986 3605 refert,
1014 3530 1258 3600 eundem,
1284 3528 1495 3598 opinor3
1522 3538 1645 3585 nam
1662 3520 1805 3594 Unio
1832 3528 2023 3576 mense
2043 3511 2359 3582 apparuisse

151 3635 355 3696 scribit.
419 3633 528 3692 Sed
567 3629 709 3687 falso
749 3641 873 3686 eum
913 3636 1033 3680 cum
1071 3617 1327 3676 Lndovici
1361 3612 1668 3672 Bosonidae
1702 3620 1832 3666 casn
1867 3603 2158 3674 conlunfflt,
2200 3609 2361 3666 quem

147 3729 386 3797 Augmto
425 3732 617 3779 mense
655 3721 898 3776 secutum
938 3708 1142 3780 scribit,
1186 3720 1307 3764 cum
1333 3702 1501 3762 multo
1529 3698 1763 3758 anterior
1791 3694 1965 3756 ruerit.
2034 3686 2188 3748 Adeo
2216 3682 2361 3742 male

149 3822 388 3888 tempora
412 3812 635 3880 ordinat,
663 3807 771 3868 etsi
797 3807 1277 3872 contemporaneus
1302 3795 1460 3863 ipse;
1483 3792 1545 3847 ut
1570 3799 1736 3857 saepe
1759 3778 2126 3853 judicaverim,
2152 3787 2261 3832 nen
2290 3785 2359 3830 ex

151 3900 595 3970 annotationibus,
619 3896 722 3954 sed
745 3891 1008 3952 memoria
1030 3886 1335 3957 scripsisse,
1360 3893 1539 3950 neque
1568 3890 1634 3934 ea
1662 3875 1801 3932 bene
1826 3881 1980 3926 nsum
2010 3863 2195 3926 fuisse-

282 3996 334 4050 t.
405 3987 745 4048 Constantini
780 3975 1269 4053 Porphyrogenneti
1298 3975 1468 4029 ortum
1499 3966 1805 4024 charactere
1831 3957 2074 4014 cometae
2112 3951 2360 4018 designat

151 4080 483 4153 'theophanis
524 4075 876 4134 continuator.
963 4067 1168 4137 Itaque,
1206 4063 1314 4122 nisi
1351 4062 1408 4116 in
1448 4056 1696 4114 chronico
1722 4045 2051 4105 floriacensi
2078 4055 2227 4100 error
2254 4038 2358 4107 est,

151 4172 249 4229 hec
285 4184 426 4231 anno
459 4169 522 4226 in
560 4165 736 4222 lacem
777 4160 953 4218 editus
993 4156 1156 4213 faerit
1193 4148 1428 4219 enzer,
1467 4146 1654 4214 quarte
1681 4140 1909 4210 coniuge
1932 4133 2157 4196 Leonis;
2198 4138 2357 4197 quan

155 4266 270 4320 tum-
294 4261 510 4318 deinum
547 4253 835 4326 imperator
872 4259 1094 4306 uxorem
1134 4241 1367 4311 amorii.
1438 4232 1569 4294 lude
1595 4241 1720 4288 mox
1748 4223 2015 4285 eccbsiae
2042 4213 2354 4276 Constanti-

151 4349 483 4421 nopolitanae
513 4339 840 4414 perturbatio
868 4337 1054 4392 secuta
1081 4335 1183 4388 est.

285 4441 332 4492 5.
385 4436 507 4490 Hoc
533 4444 673 4488 anno
697 4430 807 4498 jain
833 4422 1141 4490 inclinante,
1165 4414 1466 4472 Ludovicus
1493 4423 1590 4465 rex
1615 4402 1888 4463 confirmat
1914 4392 2354 4470 permutationem

155 4530 282 4582 inter
307 4521 639 4590 malardum,
683 4529 838 4586 quem
878 4510 1271 4568 nobilissimum
1301 4503 1549 4558 comitem
1574 4501 1633 4555 et
1659 4492 1973 4551 familiarem
2000 4495 2151 4540 snum
2177 4480 2353 4548 vocat,

1799 4594 1933 4664 it*
