2817 4959
663 293 1193 362 ANNALES
1262 293 1728 364 IMPERII
2183 296 2307 365 585

41 469 259 527 :cr-ibit
286 481 530 538 magnam
546 466 884 528 venedorum
902 469 1187 529 obsedisse
1212 469 1398 527 urbem
1419 469 1658 527 Praidam
1685 468 1952 541 (pragam,
1974 473 2034 528 ut
2056 472 2312 542 apparet)
2338 471 2404 540 Δ,
2420 471 2560 542 950,

41 570 371 629 regemque
396 571 582 614 eorum
608 557 664 614 in
692 557 1018 615 deditionem
1045 558 1344 630 accepisse.
1416 558 1738 615 witikindus
1764 558 1922 615 nobis
1943 557 2138 616 frustra
2157 559 2309 616 binas

41 648 293 705 Dttonis
323 647 378 703 in
405 645 712 703 Boherniam
734 647 1107 717 expeditiones
1128 650 1402 716 memorat,
1436 648 1573 702 etin
1601 660 1763 703 unam
1779 648 2141 704 contrahenda
2167 654 2309 718 sunt,

41 750 212 807 snae
250 735 352 791 ille
379 734 481 790 hac
505 735 574 790 de
601 747 662 789 re
688 748 788 804 per
810 733 1003 791 librum
1031 734 1326 790 secundum
1353 736 1675 806 tertiumque
1702 735 1970 807 dispersit,
1999 742 2056 792 ut
2079 737 2312 806 intelligi
2369 775 2374 780 -

41 827 259 897 potest
287 837 357 880 ex
383 823 540 879 dictis
560 824 873 894 praesertim
902 822 969 877 ad
997 837 1046 879 a.
1065 822 1128 878 Β.
1158 822 1281 881 940.
1352 821 1501 880 ldem
1529 826 1713 880 contra
1736 824 1977 880 diversas
1996 826 2310 882 obsidiones

41 912 423 969 Boleslaviae
453 918 506 968 et
532 911 729 979 Pragae
754 911 967 968 videtur
994 911 1051 966 in
1086 925 1243 966 unam
1272 912 1622 968 contraxisse.
1660 911 1801 969 Urbe
1828 914 1987 982 igitur
2004 912 2313 983 aliquandiu

41 1001 326 1076 obsessa,
353 1015 474 1058 cum
499 1003 558 1056 in
584 1012 650 1056 eo
679 1004 842 1072 esset,
860 1004 923 1055 ut
946 1001 999 1055 vi
1028 1003 1326 1072 caperetur,
1351 1014 1451 1056 rex
1475 1000 1695 1057 militem
1724 1000 1977 1074 cohibuit,
2013 1014 2088 1057 ne
2129 1001 2315 1074 caede,

41 1091 282 1160 rapina,
335 1089 559 1146 lididine
598 1092 789 1146 cuncta
830 1087 1008 1144 divina
1046 1088 1382 1159 humanaque
1432 1091 1800 1148 miscerentur.
1870 1088 2168 1161 Boleslaus,
2212 1090 2314 1146 de-

41 1177 314 1251 speratis
331 1178 512 1248 rebus,
531 1176 670 1234 urbe
684 1189 954 1249 egressus,
971 1179 1116 1246 regis
1137 1190 1199 1233 se
1218 1177 1542 1235 clementiae
1559 1178 1800 1235 credidit.
1850 1178 2046 1235 Scribit
2064 1178 2313 1236 witikin-

41 1267 195 1338 ἀπε,
222 1265 329 1323 sub
357 1267 526 1335 signis
555 1269 785 1321 stantem
813 1269 868 1322 et
897 1277 962 1320 se
995 1271 1309 1336 purgantem
1335 1267 1547 1323 veniam
1575 1269 1911 1337 impetrasse.

221 1354 313 1411 20.
381 1355 651 1424 Hagecius
685 1352 969 1424 presbyter
1006 1354 1292 1427 Bobemas,
1320 1356 1553 1425 scriptor
1577 1369 1686 1412 non
1712 1355 2014 1428 indiligens,
2041 1359 2221 1413 narrat
2247 1367 2315 1412 ex

42 1445 316 1502 vetustis
351 1441 670 1513 quibasdam
690 1442 1078 1514 traditionibus,
1097 1444 1403 1501 Boleslaum
1421 1458 1633 1515 poenae
1653 1446 2126 1516 poenitentiaeque
2150 1458 2315 1501 causa

46 1536 121 1589 in
178 1531 398 1588 culinae
426 1529 606 1588 officia
632 1528 698 1587 ad
735 1535 946 1600 tempus
974 1533 1128 1602 quasi
1156 1532 1225 1589 ad
1262 1534 1509 1590 triremes
1535 1533 1624 1590 vel
1661 1532 1726 1589 ad
1763 1534 1982 1590 metalla
2011 1534 2078 1590 ab
2117 1532 2315 1591 Ottone

52 1622 407 1691 damnatum,
434 1618 768 1689 alienumque
794 1622 982 1676 tenere
1008 1633 1175 1693 super
1199 1622 1323 1690 igne
1338 1622 1565 1690 jussum.
1618 1620 1702 1678 De
1720 1636 1827 1693 quo
1846 1621 2100 1679 Balbinus
2123 1623 2316 1679 merito

54 1708 310 1780 dubitat,
334 1721 446 1765 non
472 1712 648 1766 tamen
689 1710 904 1765 omuino
938 1721 1141 1780 negare
1181 1710 1359 1767 audet.
1429 1710 1584 1783 Nam,
1621 1710 1808 1782 inquit,
1847 1713 2044 1766 multas
2078 1711 2318 1767 Βοιωτοὶ

58 1799 251 1866 buius
284 1800 445 1869 aeque
473 1796 577 1867 filii
608 1801 728 1864 eius
758 1797 1002 1854 Βοιωτοί
1023 1796 1105 1853 Pii
1136 1802 1397 1876 anaqam
1431 1801 1660 1855 vidimus
1686 1813 1809 1854 cum
1835 1799 2027 1872 aheno,
2059 1801 2320 1872 hodieque

56 1891 133 1944 in
162 1887 367 1956 tempto
391 1886 447 1942 S.
465 1886 756 1943 Laurentii
775 1900 940 1956 super
965 1886 1217 1958 Proeyant,
1243 1889 1387 1959 quod
1407 1885 1554 1956 filius
1580 1890 1835 1957 conam,
1863 1887 2093 1944 amm
2113 1890 2318 1958 pictum

59 1978 381 2047 spectatur,
402 1976 561 2047 idque
569 1973 839 2045 fundator
858 1990 980 2030 cam
994 1975 1293 2047 insiqvtibus
1316 1978 1447 2046 suis,
1473 1977 1648 2032 trihus
1668 1976 1863 2046 fluviis,
1882 1978 2050 2045 jussit
2070 1978 2316 2047 insculpi.

64 2065 228 2121 Hinc
269 2064 652 2130 etiam,Tustae
681 2066 913 2120 civitatis
952 2077 1151 2121 nomen
1185 2062 1355 2135 multi,
1382 2065 1505 2136 ipso
1532 2064 1817 2129 referente,
1845 2066 2129 2122 deducunt.
2201 2063 2318 2135 Ego

67 2168 223 2212 vero
256 2153 589 2224 crediderim,
607 2151 803 2221 figuras
822 2151 985 2221 lenge
1005 2155 1179 2209 serius
1208 2151 1395 2226 factas,
1417 2157 1473 2210 et
1499 2153 1842 2225 opinionibus
1867 2153 2072 2212 inolitis
2097 2167 2317 2210 accom-

73 2242 335 2299 modatas
373 2241 564 2298 fuisse.
636 2241 919 2298 Caeterum
960 2241 1136 2298 simile
1175 2241 1379 2312 aliquid
1416 2244 1618 2298 narrari
1659 2242 1726 2298 de
1764 2241 1998 2298 ilenrico
2034 2240 2125 2297 m.
2150 2245 2318 2313 notat,

76 2332 189 2403 qui
216 2331 429 2386 domitis
457 2329 525 2385 ad
552 2344 696 2386 mare
721 2329 1017 2385 Baltbioum
1044 2329 1239 2402 slavis,
1265 2335 1493 2400 quatuor
1515 2345 1698 2387 eorum
1721 2329 1955 2399 regulos,
1976 2343 2111 2399 quos
2131 2334 2320 2404 captos

76 2418 236 2493 apud
264 2432 326 2475 se
359 2417 608 2489 habebat,
636 2417 827 2475 diebus
856 2418 1013 2476 iestis
1051 2422 1108 2474 et
1142 2421 1198 2474 in
1235 2420 1581 2476 coronatione
1618 2433 1715 2476 sua
1750 2417 1962 2476 lebetes
1990 2423 2047 2475 et
2086 2419 2322 2475 calamia

76 2510 160 2567 ad
205 2507 432 2563 culinam
459 2509 698 2565 caesaris
720 2506 861 2563 terre
888 2509 1083 2577 coegit.
1153 2508 1224 2564 At
1242 2507 1549 2579 Goldastus,
1569 2508 1829 2578 probante
1850 2521 2173 2578 magnopere
2191 2506 2322 2563 Bal-

76 2599 240 2668 bino,
268 2594 615 2652 Bohemorum
636 2596 823 2664 pudori
843 2600 1142 2665 opportune
1160 2609 1496 2668 succurrens,
1515 2598 1803 2666 existimat,
1823 2596 2075 2653 Boleslao
2093 2595 2320 2651 alienum

75 2687 157 2745 ab
194 2685 389 2742 Ottone
415 2684 607 2753 Magno
634 2699 744 2741 non
770 2685 1111 2756 ignominiae,
1153 2683 1250 2739 sed
1289 2683 1477 2739 honori
1505 2686 1733 2739 maximo
1769 2684 1965 2753 datum,
1991 2697 2112 2739 cum
2141 2682 2321 2741 officio

77 2771 335 2842 magistri
374 2773 668 2844 imperialis
706 2772 919 2829 culinae
958 2773 1210 2843 supremi,
1251 2773 1395 2842 quod
1422 2771 1566 2829 idem
1607 2776 1758 2829 esset
1785 2786 1904 2828 cum
1933 2770 2159 2841 dapiferi
2201 2787 2323 2827 mu-

74 2876 259 2929 nere;
307 2862 670 2935 voluisseque,
711 2867 772 2918 ut
808 2863 866 2918 in
903 2863 983 2918 rei
1023 2861 1397 2917 documentum
1435 2861 1639 2930 posteri
1674 2860 1964 2916 caldarium
1991 2863 2241 2928 gererent
2265 2862 2323 2916 in

78 2965 287 3023 eampo
312 2953 495 3021 ignito.
569 2951 766 3007 Postea
794 2949 1044 3006 Ot'tonem
1070 2948 1160 3021 Ill,
1192 2963 1309 3006 cum
1338 2951 1696 3020 septemviros
1726 2952 1951 3020 crearet,
1987 2948 2193 3003 Bavaro
2222 2948 2324 3004 da·

76 3041 396 3117 piseratum,
422 3039 656 3097 Bobemo
696 3041 988 3109 pincernae
1014 3040 1249 3111 supremi
1275 3038 1533 3095 honorem
1564 3036 1876 3093 contulisse.
1932 3036 2040 3093 Sed
2081 3039 2329 3109 septem-⁴

80 3133 325 3189 virorum
353 3130 611 3202 originem
639 3141 748 3185 non
792 3130 900 3184 tam
928 3127 1037 3185 alte
1072 3128 1419 3198 repetendam
1448 3131 1675 3183 constat.
1746 3125 1884 3182 Illud
1909 3139 2020 3183 nos
2037 3125 2323 3182 absurdum

84 3223 209 3291 est,
228 3219 288 3274 iu
313 3232 505 3286 magna
531 3219 710 3288 aliqua
741 3216 871 3274 festi
896 3217 1238 3288 solennitate,
1266 3217 1552 3273 Heuricum
1581 3215 1840 3272 Bavariae
1867 3215 2074 3284 ducem,
2105 3214 2321 3271 fratrem

81 3309 453 3377 imperatoris,
491 3305 723 3377 dapiferi
763 3320 952 3363 munus
988 3305 1208 3362 honoris
1250 3318 1422 3362 causa
1449 3304 1672 3377 obiisse,
1714 3309 1772 3361 et
1798 3303 1900 3361 sub
1928 3318 1990 3361 se
2016 3303 2324 3360 Boleslaam

82 3405 348 3467 tauquam
389 3397 696 3465 magistrum
736 3393 948 3451 culinae
988 3393 1260 3467 babuisse,
1298 3408 1423 3451 nam
1465 3394 1734 3451 Ditmarus
1770 3393 1993 3466 notavit,
2027 3392 2095 3449 ab
2125 3391 2326 3450 Ottone

81 3499 241 3544 nunc
268 3483 554 3541 Bobemum
580 3484 788 3541 Bavaro
814 3483 1045 3541 subesse
1057 3488 1284 3554 jussum.

241 3572 329 3627 21.
400 3572 622 3629 Ditmari
662 3571 816 3629 locus
858 3572 1117 3629 hactenus
1156 3577 1438 3645 corruptus
1465 3586 1498 3628 a
1530 3585 1618 3629 me
1653 3585 1723 3628 ex
1751 3571 1940 3628 codice
1967 3569 2330 3640 manuscripto

84 3663 377 3719 restitutus
404 3659 579 3717 lucem
607 3663 687 3717 rei
713 3661 963 3733 praebet:
991 3662 1275 3718 Bolanum
1291 3662 1528 3733 (inquit)
1553 3660 1824 3732 nefandus
1838 3658 2193 3714 Bohemorum
2210 3660 2328 3714 dua:

100 3750 471 3806 Wencestaum
484 3752 700 3807 domno
719 3767 788 3807 ac
806 3754 924 3823 reqi
938 3749 1149 3819 fidelem
1159 3753 1449 3822 perimens,
1467 3753 1667 3806 restitit
1678 3750 1846 3804 mtto
1865 3752 2102 3816 tempore
2114 3748 2330 3804 audac-

85 3847 198 3910 ter,
226 3842 281 3895 et
310 3842 505 3909 postca
528 3841 782 3898 ,devictus
819 3856 857 3895 a
896 3854 1041 3909 repe,
1066 3842 1298 3895 viriliter
1329 3840 1510 3911 fratri
1532 3838 1768 3894 Hannon
1796 3835 2165 3892 Bavarsorum
2201 3837 2331 3893 daci

89 3930 178 3986 ad
199 3929 540 3984 serviendum
566 3929 801 3983 traditus
831 3933 927 3984 est.
990 3930 1262 3985 Hactenus
1290 3928 1573 3998 legebatur
1588 3925 2023 3996 adamandam,
2048 3925 2192 3995 quod
2211 3926 2329 3994 sig-

84 4015 318 4075 nificare
344 4015 640 4088 videbatur,
669 4018 936 4087 captivum
964 4018 1251 4087 aliquando
1296 4019 1351 4072 in
1396 4017 1621 4074 Bavaria
1666 4014 1863 4084 egisse,
1907 4013 2006 4069 sed
2044 4013 2176 4070 nibil
2221 4012 2332 4070 tale

93 4107 311 4177 uspiam
347 4103 592 4161 babetur.
663 4104 788 4161 Otto
826 4105 957 4161 nihil
994 4106 1141 4163 aliud
1189 4121 1345 4178 quam
1388 4104 1730 4162 autoritatem
1769 4101 2029 4160 Bavariae
2081 4102 2234 4159 ducis
2275 4103 2332 4157 in

90 4193 369 4251 Bohemos
405 4195 712 4264 renovavit3
751 4193 1058 4252 Bobemiam
1103 4198 1247 4252 enim
1275 4194 1535 4252 navariae
1573 4205 1739 4261 regno
1766 4189 2063 4263 subjectam
2098 4190 2331 4247 habitam

92 4285 266 4340 etiam
308 4297 377 4340 ex
417 4298 489 4341 eo
522 4281 751 4354 intelligi
785 4286 985 4356 potest,
1026 4284 1170 4355 quod
1211 4283 1312 4340 sub
1341 4281 1751 4340 Ratisbonensis
1794 4282 2036 4352 episcopi
2092 4281 2334 4336 dioecesi

92 4372 221 4444 suit,
249 4372 423 4429 donec
448 4373 694 4445 proprios
735 4374 1025 4444 episcopos
1062 4374 1291 4445 accepit.
1362 4371 1465 4437 Qui
1492 4385 1624 4429 vero
1651 4385 1776 4430 mox
1803 4371 1978 4428 secuti
2005 4374 2132 4426 sunt
2157 4369 2336 4425 Bava-

93 4464 219 4519 riae
252 4460 419 4520 duces
448 4464 506 4519 in
530 4475 712 4533 regem
742 4466 1106 4533 contumaces,
1142 4464 1239 4521 aut
1261 4463 1332 4520 iis
1350 4463 1632 4533 surrogati,
1651 4463 1978 4534 potestatem
2005 4460 2205 4519 tantam
2227 4471 2336 4516 non
