2817 4959
443 276 573 347 316
1018 273 1554 343 ANNALES
1617 273 2079 343 IMPERII

192 456 262 528 Α,
280 451 413 523 910,
438 455 618 509 tamen
657 452 714 508 in
752 447 1046 521 diplomate
1085 450 1315 521 quodam
1356 447 1741 508 casinensibus
1780 450 1906 507 dato
1946 453 2075 521 post
2098 448 2391 505 Romanum
2429 448 2669 520 quidem,

441 540 540 597 sed
580 543 760 596 tamen
799 542 924 596 ante
964 537 1185 595 Romani
1225 539 1366 595 tilios
1406 541 1669 596 nominari
1706 540 1936 609 reperio.
1995 536 2111 595 Nec
2136 536 2206 595 de
2232 536 2481 606 Balgatia
2514 543 2671 593 recte

437 627 813 699 Luitprandus.
871 626 1111 683 illenim
1136 626 1357 683 hiennio
1383 631 1511 684 ante
1536 632 1692 684 sexta
1720 629 1811 685 die
1836 628 2077 699 Augusti,
2103 626 2360 682 simeone
2387 631 2671 695 regnante,

440 716 812 786 Graeculam
836 718 1089 787 victores,
1130 717 1228 773 sed
1256 715 1468 772 fortuna
1493 717 1636 773 male
1663 729 1811 788 usos,
1852 729 2013 774 versa
2035 717 2158 771 vice
2186 718 2242 771 in
2269 714 2455 784 fugam
2482 721 2671 772 verte-

433 810 578 864 nnt.
615 807 850 877 Simeon,
876 809 1204 862 memorante
1231 805 1424 861 eodem
1450 804 1790 877 Lnitprando,
1817 818 1952 877 puer
1968 802 2437 876 Constantinopoli
2464 802 2675 859 Demo-

434 892 648 950 sthenis
700 893 1032 950 orationibus
1085 900 1141 951 et
1189 893 1499 951 Aristotelis
1540 893 1867 963 syllogismis
1908 908 2126 963 operam
2167 893 2421 950 dederat:
2474 892 2677 950 deindo

435 981 686 1038 monachi
713 981 944 1039 habitum
971 987 1251 1038 sumserat.
1302 981 1414 1038 Sed
1455 997 1580 1038 mox
1606 985 1792 1054 aperto
1834 982 1902 1037 ad
1927 997 2148 1052 regnum
2184 981 2348 1052 aditu,
2390 988 2673 1053 sceptra-

437 1070 653 1127 cucullo
691 1071 960 1143 paetulit.
1027 1070 1217 1141 ltaque
1255 1070 1482 1126 ridiculo
1524 1071 1771 1143 scriptori
1813 1085 1933 1127 cum
1971 1069 2182 1127 Juliano
2222 1073 2479 1142 apostata
2518 1085 2676 1128 oom-

437 1162 671 1232 paratur.

582 1248 668 1304 18.
758 1247 976 1305 ilenrici
1030 1250 1173 1318 regis
1221 1250 1678 1319 inaugurationem
1730 1250 1787 1306 in
1834 1262 2057 1306 vernum
2108 1252 2318 1318 tempus
2366 1248 2673 1305 retulimus.

437 1333 687 1392 Lahheus
713 1348 823 1392 non
848 1336 1136 1408 indiligens
1162 1339 1218 1393 in
1247 1337 1595 1407 chronologia
1616 1351 1789 1394 annes
1816 1341 1937 1408 ejus
1957 1352 1989 1393 a
2005 1336 2148 1393 ‚lulio
2167 1351 2355 1393 mense
2373 1342 2674 1408 computat.

436 1422 621 1495 Nuper
648 1426 728 1479 vir
755 1424 963 1495 doctus,
999 1428 1262 1497 inspectis
1290 1425 1486 1484 tabulis
1514 1427 1852 1496 authenticis,
1894 1425 2176 1496 conclusit,
2214 1424 2320 1481 hoc
2348 1429 2496 1481 certe
2523 1441 2675 1482 anno

439 1516 566 1568 ante
596 1511 678 1568 16.
706 1512 823 1568 Kal.
853 1512 1042 1571 Octoh.
1069 1528 1294 1584 regnare
1336 1530 1444 1572 non
1473 1518 1741 1586 coepisse.
1798 1515 1907 1572 Sed
1935 1530 2054 1571 cum
2081 1516 2138 1570 in
2165 1513 2275 1571 illis
2304 1516 2431 1585 ipsis
2460 1513 2671 1571 tabulis

439 1601 514 1656 sit
537 1600 723 1670 lapsus
750 1601 962 1673 aliquis,
1000 1604 1298 1674 quinoque
1326 1604 1646 1662 authenticis
1675 1617 1890 1676 semper
1917 1604 2090 1675 deest,
2121 1603 2187 1659 ad
2214 1601 2438 1675 plurium
2464 1618 2674 1659 monu-

439 1693 735 1746 mentorum
775 1695 1018 1747 veterum
1058 1691 1402 1750 collationem
1441 1696 1629 1750 venire
1666 1696 1840 1750 visum
1880 1695 1983 1761 est,
2023 1696 2083 1747 ut
2120 1694 2321 1747 certius
2363 1691 2569 1761 aliquid
2600 1692 2673 1749 de

440 1777 743 1835 Germanici
780 1781 932 1849 regni
978 1779 1188 1854 epocha
1232 1785 1616 1854 constituatur3
1670 1797 1794 1839 nam
1833 1781 1909 1839 de
1943 1780 2277 1839 Lothariensi
2318 1780 2562 1839 dicemus
2605 1782 2681 1838 ad

443 1883 494 1925 a.
520 1865 587 1925 D.
613 1866 736 1925 924.

949 1957 1187 2017 Tabulae
1215 1960 1431 2017 llenfici
1460 1961 1604 2030 regis
1633 1959 1964 2033 Germaniae,
1992 1961 2149 2017 datae

1676 2145 1775 2178 nno·
1791 2134 1963 2179 chtisti
2036 2133 2287 2179 indictione
2373 2137 2677 2190 :nitrio-regnis>⁴

1195 2274 1310 2328 Kal.
1338 2273 1552 2330 Januar.
1752 2273 1856 2330 919
2069 2277 2109 2332 8
2424 2279 2473 2332 0

1192 2361 1310 2417 Kal.
1337 2361 1553 2419 Januar.
1751 2363 1858 2421 920
2071 2364 2106 2420 9
2428 2367 2457 2421 1

443 2452 658 2518 pactum
684 2446 972 2505 Bonnense
1196 2449 1229 2504 2
1256 2449 1392 2505 Νοιι.
1422 2449 1557 2507 Nov.
1753 2449 1855 2507 921
2178 2453 2253 2508 10
2567 2456 2607 2511 3

445 2533 871 2606 Corhejensibus
1182 2537 1249 2594 10
1275 2536 1390 2594 Kal.
1417 2537 1568 2594 Mart.
1753 2539 1859 2595 922
2039 2540 2102 2597 11
2568 2544 2606 2599 3

1196 2624 1311 2683 Kal.
1338 2625 1552 2684 Ianuar.
1755 2628 1859 2684 923
2040 2629 2110 2686 12
2425 2632 2463 2689 3

1756 2715 1863 2772 924

1756 2807 1860 2862 925

1756 2893 1860 2950 926
1942 2879 1971 2892 ⁴

448 2982 916 3040 llervordensibus
1168 2983 1254 3039 15.
1281 2981 1396 3040 Kal.
1424 2980 1594 3056 April.
1755 2983 1860 3039 927
2038 2985 2104 3039 15
2570 2988 2608 3042 9

2459 3078 2613 3132 male
2648 3081 2678 3132 7

449 3159 669 3230 reginae
1156 3159 1238 3218 16.
1266 3160 1382 3218 Kal.
1413 3159 1601 3218 Octob.
1754 3156 1860 3213 928
2208 3162 2243 3214 2
2536 3165 2615 3220 10

1690 3235 1829 3301 rna'le
1856 3241 1960 3299 929

1751 3332 1856 3389 929

1753 3420 1860 3479 930

452 3515 894 3573 werdinensihus
1191 3515 1242 3571 7.
1267 3512 1382 3570 Kal.
1410 3511 1566 3569 Mart.
1754 3510 1857 3567 931
2070 3516 2109 3569 a
2537 3520 2600 3573 13

452 3606 688 3676 synodus
723 3603 1088 3662 Ertordiensis
1231 3600 1349 3659 Kal.
1375 3601 1521 3658 Junii
1754 3599 1863 3656 932
2075 3606 2107 3660 5
2533 3605 2599 3661 u

452 3778 940 3840 Herivordensibus
1187 3781 1241 3838 4.
1267 3778 1346 3837 Id.
1375 3777 1569 3836 Octob.
1757 3779 1868 3836 9314
2218 3783 2256 3839 8
2539 3784 2606 3841 16

1698 3869 1838 3927 male
1867 3869 1971 3925 935

454 3954 859 4014 Herisiensibus
1194 3960 1248 4019 5.
1275 3958 1355 4017 ld.
1381 3957 1511 4030 Mali
2075 3962 2115 4018 8
2539 3962 2608 4017 17

999 4103 1002 4106 ,
1760 4046 1866 4104 935
2011 3964 2036 4203 ἓ
2430 4048 2573 4105 male
2614 4051 2680 4106 16

454 4131 948 4201 limburgensibus
1195 4136 1248 4194 9.
1274 4137 1390 4194 Kal.
1418 4135 1562 4193 lunii
2076 4138 2116 4194 8
2539 4140 2609 4195 17

1203 4225 1322 4282 Kal.
1346 4224 1563 4281 Januar.
1763 4222 1868 4280 936
2079 4224 2114 4280 9
2397 4227 2464 4281 17

597 4345 685 4402 19.
753 4342 1106 4400 Distiuximus
1145 4345 1236 4402 hic
1267 4347 1616 4403 indictionem
1655 4350 1781 4405 ante
1816 4347 2091 4432 Kalendas·
2121 4347 2454 4419 Septembris
2498 4350 2567 4406 ah
2598 4354 2682 4407 in-

456 4432 695 4487 dictione
731 4433 857 4502 post
896 4430 1131 4504 easdem,
1169 4435 1712 4509 prioresssinisterius,
1752 4438 2052 4507 posteriore
2091 4436 2363 4494 dexterius
2394 4439 2677 4496 collocata.
