<?xml version="1.0" encoding="UTF-8"?>
<!DOCTYPE html PUBLIC "-//W3C//DTD XHTML 1.0 Transitional//EN"
    "http://www.w3.org/TR/xhtml1/DTD/xhtml1-transitional.dtd">
<html xmlns="http://www.w3.org/1999/xhtml" xml:lang="en" lang="en">
 <head>
  <title>
</title>
<meta http-equiv="Content-Type" content="text/html;charset=utf-8" />
  <meta name='ocr-system' content='tesseract 3.04.00' />
  <meta name='ocr-capabilities' content='ocr_page ocr_carea ocr_par ocr_line ocrx_word'/>
</head>
<body>
  <div class='ocr_page' id='page_1' title='image "./godofrwilhleibn00pertgoog/godofrwilhleibn00pertgoog_0503.png"; bbox 0 0 2817 4959; ppageno 0'>
   <div class='ocr_carea' id='block_1_1' title="bbox 649 299 2281 373">
    <p class='ocr_par' dir='ltr' id='par_1_1' title="bbox 649 299 2281 373">
     <span class='ocr_line' id='line_1_1' title="bbox 649 299 2281 373; baseline 0.004 -7"><span class='ocrx_word' id='word_1_1' title='bbox 649 299 1180 370; x_wconf 76' lang='lat' dir='ltr'>ANNALES</span> <span class='ocrx_word' id='word_1_2' title='bbox 1250 302 1707 369; x_wconf 79' lang='lat' dir='ltr'><strong>IMPERII</strong></span> <span class='ocrx_word' id='word_1_3' title='bbox 2155 309 2281 373; x_wconf 69' lang='lat'><strong>485</strong></span> 
     </span>
    </p>
   </div>
   <div class='ocr_carea' id='block_1_2' title="bbox 42 474 2532 2758">
    <p class='ocr_par' dir='ltr' id='par_1_2' title="bbox 42 474 2532 2391">
     <span class='ocr_line' id='line_1_2' title="bbox 179 474 2532 552; baseline 0.002 -22"><span class='ocrx_word' id='word_1_4' title='bbox 179 477 281 530; x_wconf 69' lang='grc'><strong>14.</strong></span> <span class='ocrx_word' id='word_1_5' title='bbox 367 474 727 532; x_wconf 69' lang='grc' dir='ltr'><strong>Εὺοήπᾶιιω</strong></span> <span class='ocrx_word' id='word_1_6' title='bbox 753 475 1066 544; x_wconf 83' lang='lat' dir='ltr'><strong>sigebertus</strong></span> <span class='ocrx_word' id='word_1_7' title='bbox 1108 477 1359 535; x_wconf 87' lang='lat' dir='ltr'><strong>comitem</strong></span> <span class='ocrx_word' id='word_1_8' title='bbox 1385 476 1676 548; x_wconf 84' lang='lat' dir='ltr'><strong>palatinum</strong></span> <span class='ocrx_word' id='word_1_9' title='bbox 1703 481 1880 550; x_wconf 84' lang='lat' dir='ltr'><strong>vocat,</strong></span> <span class='ocrx_word' id='word_1_10' title='bbox 1915 481 2130 535; x_wconf 82' lang='lat' dir='ltr'><strong>veteres</strong></span> <span class='ocrx_word' id='word_1_11' title='bbox 2160 494 2283 537; x_wconf 88' lang='lat' dir='ltr'><strong>rec-</strong></span> <span class='ocrx_word' id='word_1_12' title='bbox 2306 482 2374 551; x_wconf 69' lang='grc' dir='ltr'><strong>Α,</strong></span> <span class='ocrx_word' id='word_1_13' title='bbox 2394 483 2532 552; x_wconf 75' lang='grc'><strong>939,</strong></span> 
     </span>
     <span class='ocr_line' id='line_1_3' title="bbox 52 564 2286 638; baseline 0.002 -18"><span class='ocrx_word' id='word_1_14' title='bbox 52 578 133 622; x_wconf 72' lang='lat' dir='ltr'><strong>us</strong></span> <span class='ocrx_word' id='word_1_15' title='bbox 159 566 398 635; x_wconf 74' lang='lat' dir='ltr'><strong>ducem,</strong></span> <span class='ocrx_word' id='word_1_16' title='bbox 425 576 624 635; x_wconf 84' lang='lat' dir='ltr'><strong>nempe</strong></span> <span class='ocrx_word' id='word_1_17' title='bbox 640 564 978 638; x_wconf 60' lang='lat' dir='ltr'><strong>Francorum,</strong></span> <span class='ocrx_word' id='word_1_18' title='bbox 1006 566 1217 621; x_wconf 87' lang='lat' dir='ltr'><strong>scilicet</strong></span> <span class='ocrx_word' id='word_1_19' title='bbox 1236 565 1590 622; x_wconf 86' lang='lat' dir='ltr'><strong>orientalium.</strong></span> <span class='ocrx_word' id='word_1_20' title='bbox 1647 564 2006 624; x_wconf 80' lang='lat' dir='ltr'><strong>Giselbertam</strong></span> <span class='ocrx_word' id='word_1_21' title='bbox 2020 565 2286 625; x_wconf 87' lang='lat' dir='ltr'><strong>Ditmarus</strong></span> 
     </span>
     <span class='ocr_line' id='line_1_4' title="bbox 51 652 2284 732; baseline 0 -22"><span class='ocrx_word' id='word_1_22' title='bbox 51 653 306 725; x_wconf 83' lang='lat' dir='ltr'><strong>ppellat</strong></span> <span class='ocrx_word' id='word_1_23' title='bbox 349 654 539 708; x_wconf 89' lang='lat' dir='ltr'><strong>ducem</strong></span> <span class='ocrx_word' id='word_1_24' title='bbox 581 652 1036 722; x_wconf 84' lang='lat' dir='ltr'><strong>Lutberingorum.</strong></span> <span class='ocrx_word' id='word_1_25' title='bbox 1108 653 1349 710; x_wconf 87' lang='lat' dir='ltr'><strong>Udonem</strong></span> <span class='ocrx_word' id='word_1_26' title='bbox 1377 653 1689 710; x_wconf 78' lang='lat' dir='ltr'><strong>Eberhardo</strong></span> <span class='ocrx_word' id='word_1_27' title='bbox 1719 653 1996 711; x_wconf 77' lang='lat' dir='ltr'><strong>suffectum</strong></span> <span class='ocrx_word' id='word_1_28' title='bbox 2024 658 2284 732; x_wconf 72' lang='lat' dir='ltr'><strong>suspicor,</strong></span> 
     </span>
     <span class='ocr_line' id='line_1_5' title="bbox 51 741 2287 814; baseline 0 -16"><span class='ocrx_word' id='word_1_29' title='bbox 51 748 163 814; x_wconf 63' lang='lat' dir='ltr'><strong>uia</strong></span> <span class='ocrx_word' id='word_1_30' title='bbox 213 742 502 798; x_wconf 81' lang='lat' dir='ltr'><strong>Roswitae</strong></span> <span class='ocrx_word' id='word_1_31' title='bbox 542 753 768 812; x_wconf 89' lang='lat' dir='ltr'><strong>praeses</strong></span> <span class='ocrx_word' id='word_1_32' title='bbox 810 742 1018 812; x_wconf 86' lang='lat' dir='ltr'><strong>dicitur,</strong></span> <span class='ocrx_word' id='word_1_33' title='bbox 1058 746 1116 796; x_wconf 90' lang='lat' dir='ltr'><strong>ut</strong></span> <span class='ocrx_word' id='word_1_34' title='bbox 1155 744 1302 811; x_wconf 90' lang='lat' dir='ltr'><strong>prius</strong></span> <span class='ocrx_word' id='word_1_35' title='bbox 1342 744 1465 813; x_wconf 86' lang='lat' dir='ltr'><strong>ipse</strong></span> <span class='ocrx_word' id='word_1_36' title='bbox 1505 741 1849 799; x_wconf 84' lang='lat' dir='ltr'><strong>Eberhardus</strong></span> <span class='ocrx_word' id='word_1_37' title='bbox 1892 742 2067 799; x_wconf 90' lang='lat' dir='ltr'><strong>eidem</strong></span> <span class='ocrx_word' id='word_1_38' title='bbox 2109 744 2287 799; x_wconf 85' lang='lat' dir='ltr'><strong>dictus</strong></span> 
     </span>
     <span class='ocr_line' id='line_1_6' title="bbox 51 828 2285 903; baseline 0 -17"><span class='ocrx_word' id='word_1_39' title='bbox 51 835 115 886; x_wconf 84' lang='lat' dir='ltr'><strong>st</strong></span> <span class='ocrx_word' id='word_1_40' title='bbox 146 830 314 886; x_wconf 76' lang='lat' dir='ltr'><strong>baud</strong></span> <span class='ocrx_word' id='word_1_41' title='bbox 343 829 532 886; x_wconf 86' lang='lat' dir='ltr'><strong>semei.</strong></span> <span class='ocrx_word' id='word_1_42' title='bbox 602 829 671 885; x_wconf 81' lang='lat' dir='ltr'><strong>Et</strong></span> <span class='ocrx_word' id='word_1_43' title='bbox 697 830 1038 898; x_wconf 71' lang='lat' dir='ltr'><strong>degradatum</strong></span> <span class='ocrx_word' id='word_1_44' title='bbox 1079 828 1148 885; x_wconf 90' lang='lat' dir='ltr'><strong>ob</strong></span> <span class='ocrx_word' id='word_1_45' title='bbox 1189 829 1543 887; x_wconf 88' lang='lat' dir='ltr'><strong>rebellionem</strong></span> <span class='ocrx_word' id='word_1_46' title='bbox 1571 831 1931 889; x_wconf 80' lang='lat' dir='ltr'><strong>Eberhardum</strong></span> <span class='ocrx_word' id='word_1_47' title='bbox 1959 832 2136 903; x_wconf 80' lang='lat' dir='ltr'>prodit</span> <span class='ocrx_word' id='word_1_48' title='bbox 2160 831 2285 887; x_wconf 84' lang='lat' dir='ltr'><strong>Dit-</strong></span> 
     </span>
     <span class='ocr_line' id='line_1_7' title="bbox 50 919 2285 990; baseline 0 -14"><span class='ocrx_word' id='word_1_49' title='bbox 50 933 244 989; x_wconf 72' lang='lat' dir='ltr'><strong>rarus,</strong></span> <span class='ocrx_word' id='word_1_50' title='bbox 278 923 374 989; x_wconf 78' lang='lat' dir='ltr'><strong>qui</strong></span> <span class='ocrx_word' id='word_1_51' title='bbox 394 921 636 989; x_wconf 75' lang='lat' dir='ltr'><strong>scriptor,</strong></span> <span class='ocrx_word' id='word_1_52' title='bbox 665 921 724 973; x_wconf 91' lang='lat' dir='ltr'><strong>ut</strong></span> <span class='ocrx_word' id='word_1_53' title='bbox 745 933 777 974; x_wconf 90' lang='lat' dir='ltr'><strong>a</strong></span> <span class='ocrx_word' id='word_1_54' title='bbox 799 931 886 974; x_wconf 86' lang='lat' dir='ltr'><strong>me</strong></span> <span class='ocrx_word' id='word_1_55' title='bbox 913 919 1193 975; x_wconf 88' lang='lat' dir='ltr'><strong>restitutus</strong></span> <span class='ocrx_word' id='word_1_56' title='bbox 1221 923 1325 990; x_wconf 86' lang='lat' dir='ltr'><strong>est,</strong></span> <span class='ocrx_word' id='word_1_57' title='bbox 1352 921 1514 974; x_wconf 86' lang='lat' dir='ltr'><strong>etiam</strong></span> <span class='ocrx_word' id='word_1_58' title='bbox 1533 920 1722 976; x_wconf 79' lang='lat' dir='ltr'><strong>duceni</strong></span> <span class='ocrx_word' id='word_1_59' title='bbox 1743 920 2066 977; x_wconf 70' lang='lat' dir='ltr'><strong>Francorum</strong></span> <span class='ocrx_word' id='word_1_60' title='bbox 2085 921 2285 978; x_wconf 86' lang='lat' dir='ltr'><strong>diserte</strong></span> 
     </span>
     <span class='ocr_line' id='line_1_8' title="bbox 49 1006 2287 1079; baseline 0.001 -17"><span class='ocrx_word' id='word_1_61' title='bbox 49 1008 315 1079; x_wconf 82' lang='lat' dir='ltr'><strong>ppellat,</strong></span> <span class='ocrx_word' id='word_1_62' title='bbox 356 1008 497 1078; x_wconf 83' lang='lat' dir='ltr'><strong>quod</strong></span> <span class='ocrx_word' id='word_1_63' title='bbox 539 1009 594 1062; x_wconf 90' lang='lat' dir='ltr'><strong>et</strong></span> <span class='ocrx_word' id='word_1_64' title='bbox 630 1008 757 1062; x_wconf 81' lang='lat' dir='ltr'><strong>iacit</strong></span> <span class='ocrx_word' id='word_1_65' title='bbox 783 1009 1119 1064; x_wconf 73' lang='lat' dir='ltr'><strong>continuator</strong></span> <span class='ocrx_word' id='word_1_66' title='bbox 1144 1006 1436 1077; x_wconf 86' lang='lat' dir='ltr'><strong>Reginonis</strong></span> <span class='ocrx_word' id='word_1_67' title='bbox 1464 1009 1532 1063; x_wconf 89' lang='lat' dir='ltr'><strong>ad</strong></span> <span class='ocrx_word' id='word_1_68' title='bbox 1559 1021 1609 1063; x_wconf 91' lang='lat' dir='ltr'><strong>a.</strong></span> <span class='ocrx_word' id='word_1_69' title='bbox 1629 1007 1690 1062; x_wconf 84' lang='lat' dir='ltr'><strong>D.</strong></span> <span class='ocrx_word' id='word_1_70' title='bbox 1711 1007 1831 1064; x_wconf 81' lang='grc'><strong>937.</strong></span> <span class='ocrx_word' id='word_1_71' title='bbox 1902 1009 1986 1065; x_wconf 81' lang='lat' dir='ltr'><strong>An</strong></span> <span class='ocrx_word' id='word_1_72' title='bbox 2014 1021 2141 1078; x_wconf 88' lang='lat' dir='ltr'><strong>ergo</strong></span> <span class='ocrx_word' id='word_1_73' title='bbox 2169 1008 2287 1066; x_wconf 84' lang='lat' dir='ltr'><strong>Udo</strong></span> 
     </span>
     <span class='ocr_line' id='line_1_9' title="bbox 49 1093 2286 1169; baseline 0 -16"><span class='ocrx_word' id='word_1_74' title='bbox 49 1095 316 1153; x_wconf 74' lang='lat' dir='ltr'><strong>affectus</strong></span> <span class='ocrx_word' id='word_1_75' title='bbox 345 1102 429 1152; x_wconf 88' lang='lat' dir='ltr'><strong>est</strong></span> <span class='ocrx_word' id='word_1_76' title='bbox 458 1096 767 1152; x_wconf 87' lang='lat' dir='ltr'><strong>testimonio</strong></span> <span class='ocrx_word' id='word_1_77' title='bbox 796 1093 1068 1153; x_wconf 82' lang='lat' dir='ltr'><strong>lloswitae</strong></span> <span class='ocrx_word' id='word_1_78' title='bbox 1082 1098 1110 1150; x_wconf 73' lang='lat' dir='ltr'><strong>‘e</strong></span> <span class='ocrx_word' id='word_1_79' title='bbox 1178 1095 1246 1152; x_wconf 83' lang='lat' dir='ltr'><strong>Et</strong></span> <span class='ocrx_word' id='word_1_80' title='bbox 1267 1095 1495 1151; x_wconf 88' lang='lat' dir='ltr'><strong>dubitari</strong></span> <span class='ocrx_word' id='word_1_81' title='bbox 1516 1100 1710 1168; x_wconf 83' lang='lat' dir='ltr'><strong>potest,</strong></span> <span class='ocrx_word' id='word_1_82' title='bbox 1732 1110 1801 1152; x_wconf 88' lang='lat' dir='ltr'><strong>an</strong></span> <span class='ocrx_word' id='word_1_83' title='bbox 1820 1099 1987 1166; x_wconf 84' lang='lat' dir='ltr'><strong>magis</strong></span> <span class='ocrx_word' id='word_1_84' title='bbox 2008 1098 2078 1153; x_wconf 90' lang='lat' dir='ltr'><strong>ob</strong></span> <span class='ocrx_word' id='word_1_85' title='bbox 2098 1108 2286 1169; x_wconf 88' lang='lat' dir='ltr'><strong>genus,</strong></span> 
     </span>
     <span class='ocr_line' id='line_1_10' title="bbox 48 1181 2287 1257; baseline 0.004 -23"><span class='ocrx_word' id='word_1_86' title='bbox 48 1189 368 1256; x_wconf 63' lang='lat' dir='ltr'><strong>mianum,</strong></span> <span class='ocrx_word' id='word_1_87' title='bbox 414 1185 768 1255; x_wconf 89' lang='lat' dir='ltr'><strong>autoritatem,</strong></span> <span class='ocrx_word' id='word_1_88' title='bbox 816 1197 972 1253; x_wconf 83' lang='lat' dir='ltr'><strong>quam</strong></span> <span class='ocrx_word' id='word_1_89' title='bbox 1020 1181 1088 1238; x_wconf 93' lang='lat' dir='ltr'><strong>ob</strong></span> <span class='ocrx_word' id='word_1_90' title='bbox 1135 1187 1461 1255; x_wconf 83' lang='lat' dir='ltr'><strong>potestatem</strong></span> <span class='ocrx_word' id='word_1_91' title='bbox 1498 1186 1622 1252; x_wconf 86' lang='lat' dir='ltr'><strong>Jure</strong></span> <span class='ocrx_word' id='word_1_92' title='bbox 1660 1187 1810 1254; x_wconf 80' lang='lat' dir='ltr'><strong>regio</strong></span> <span class='ocrx_word' id='word_1_93' title='bbox 1851 1185 2043 1257; x_wconf 81' lang='lat' dir='ltr'><strong>datam,</strong></span> <span class='ocrx_word' id='word_1_94' title='bbox 2089 1198 2287 1243; x_wconf 81' lang='lat' dir='ltr'><strong>nomen</strong></span> 
     </span>
     <span class='ocr_line' id='line_1_11' title="bbox 48 1259 2284 1345; baseline 0 -16"><span class='ocrx_word' id='word_1_95' title='bbox 48 1276 200 1329; x_wconf 68' lang='lat' dir='ltr'><strong>tucis</strong></span> <span class='ocrx_word' id='word_1_96' title='bbox 230 1259 561 1329; x_wconf 77' lang='lat' dir='ltr'><strong>Francorum</strong></span> <span class='ocrx_word' id='word_1_97' title='bbox 604 1272 784 1326; x_wconf 91' lang='lat' dir='ltr'><strong>tulerit</strong></span> <span class='ocrx_word' id='word_1_98' title='bbox 822 1270 1179 1342; x_wconf 78' lang='lat' dir='ltr'><strong>Eberhardns,</strong></span> <span class='ocrx_word' id='word_1_99' title='bbox 1222 1278 1278 1328; x_wconf 89' lang='lat' dir='ltr'><strong>et</strong></span> <span class='ocrx_word' id='word_1_100' title='bbox 1317 1272 1523 1342; x_wconf 84' lang='lat' dir='ltr'><strong>aliquot</strong></span> <span class='ocrx_word' id='word_1_101' title='bbox 1551 1273 1643 1329; x_wconf 86' lang='lat' dir='ltr'><strong>alii</strong></span> <span class='ocrx_word' id='word_1_102' title='bbox 1668 1275 2079 1345; x_wconf 61' lang='lat' dir='ltr'><strong>posteasecuti.</strong></span> <span class='ocrx_word' id='word_1_103' title='bbox 2150 1275 2284 1330; x_wconf 87' lang='lat' dir='ltr'><strong>Nam</strong></span> 
     </span>
     <span class='ocr_line' id='line_1_12' title="bbox 46 1359 2287 1432; baseline -0 -15"><span class='ocrx_word' id='word_1_104' title='bbox 46 1360 405 1417; x_wconf 59' lang='lat' dir='ltr'><strong>§kinebardus</strong></span> <span class='ocrx_word' id='word_1_105' title='bbox 437 1359 807 1429; x_wconf 70' lang='lat' dir='ltr'><strong>sangallensis</strong></span> <span class='ocrx_word' id='word_1_106' title='bbox 845 1364 1024 1432; x_wconf 86' lang='lat' dir='ltr'><strong>negat,</strong></span> <span class='ocrx_word' id='word_1_107' title='bbox 1065 1376 1237 1431; x_wconf 82' lang='lat' dir='ltr'><strong>usque</strong></span> <span class='ocrx_word' id='word_1_108' title='bbox 1265 1361 1332 1416; x_wconf 92' lang='lat' dir='ltr'><strong>ad</strong></span> <span class='ocrx_word' id='word_1_109' title='bbox 1362 1375 1461 1416; x_wconf 88' lang='lat' dir='ltr'><strong>sua</strong></span> <span class='ocrx_word' id='word_1_110' title='bbox 1490 1367 1731 1432; x_wconf 82' lang='lat' dir='ltr'><strong>tempora</strong></span> <span class='ocrx_word' id='word_1_111' title='bbox 1756 1362 2030 1417; x_wconf 86' lang='lat' dir='ltr'><strong>Franciam</strong></span> <span class='ocrx_word' id='word_1_112' title='bbox 2063 1377 2096 1417; x_wconf 86' lang='lat' dir='ltr'><strong>a</strong></span> <span class='ocrx_word' id='word_1_113' title='bbox 2128 1362 2287 1416; x_wconf 87' lang='lat' dir='ltr'><strong>duci-</strong></span> 
     </span>
     <span class='ocr_line' id='line_1_13' title="bbox 46 1449 2281 1520; baseline -0.001 -13"><span class='ocrx_word' id='word_1_114' title='bbox 46 1464 146 1507; x_wconf 76' lang='lat' dir='ltr'><strong>»us</strong></span> <span class='ocrx_word' id='word_1_115' title='bbox 190 1450 640 1520; x_wconf 69' lang='lat' dir='ltr'><strong>administratam,</strong></span> <span class='ocrx_word' id='word_1_116' title='bbox 684 1462 789 1504; x_wconf 88' lang='lat' dir='ltr'><strong>nec</strong></span> <span class='ocrx_word' id='word_1_117' title='bbox 827 1449 994 1518; x_wconf 88' lang='lat' dir='ltr'><strong>magis</strong></span> <span class='ocrx_word' id='word_1_118' title='bbox 1036 1463 1192 1520; x_wconf 83' lang='lat' dir='ltr'><strong>quam</strong></span> <span class='ocrx_word' id='word_1_119' title='bbox 1219 1449 1348 1505; x_wconf 80' lang='lat' dir='ltr'><strong>olim</strong></span> <span class='ocrx_word' id='word_1_120' title='bbox 1376 1450 1761 1506; x_wconf 73' lang='lat' dir='ltr'><strong>A-llemanniam</strong></span> <span class='ocrx_word' id='word_1_121' title='bbox 1792 1453 1916 1505; x_wconf 89' lang='lat' dir='ltr'><strong>ante</strong></span> <span class='ocrx_word' id='word_1_122' title='bbox 1945 1450 2281 1505; x_wconf 68' lang='lat' dir='ltr'><strong>Burcardum.</strong></span> 
     </span>
     <span class='ocr_line' id='line_1_14' title="bbox 47 1537 2284 1608; baseline -0.001 -13"><span class='ocrx_word' id='word_1_123' title='bbox 47 1543 116 1596; x_wconf 72' lang='lat' dir='ltr'><strong>&#39;ta</strong></span> <span class='ocrx_word' id='word_1_124' title='bbox 147 1538 340 1595; x_wconf 76' lang='lat' dir='ltr'><strong>videri</strong></span> <span class='ocrx_word' id='word_1_125' title='bbox 380 1538 592 1607; x_wconf 81' lang='lat' dir='ltr'><strong>possint</strong></span> <span class='ocrx_word' id='word_1_126' title='bbox 631 1537 819 1593; x_wconf 78' lang='lat' dir='ltr'><strong>Franci</strong></span> <span class='ocrx_word' id='word_1_127' title='bbox 855 1537 1148 1593; x_wconf 86' lang='lat' dir='ltr'><strong>orientales</strong></span> <span class='ocrx_word' id='word_1_128' title='bbox 1191 1537 1385 1595; x_wconf 85' lang='lat' dir='ltr'><strong>ducem</strong></span> <span class='ocrx_word' id='word_1_129' title='bbox 1428 1554 1539 1595; x_wconf 84' lang='lat' dir='ltr'><strong>non</strong></span> <span class='ocrx_word' id='word_1_130' title='bbox 1566 1541 1857 1608; x_wconf 84' lang='lat' dir='ltr'><strong>agnovisse</strong></span> <span class='ocrx_word' id='word_1_131' title='bbox 1884 1544 2133 1608; x_wconf 75' lang='lat' dir='ltr'><strong>tanqam</strong></span> <span class='ocrx_word' id='word_1_132' title='bbox 2160 1550 2284 1593; x_wconf 83' lang='lat' dir='ltr'><strong>ser-</strong></span> 
     </span>
     <span class='ocr_line' id='line_1_15' title="bbox 46 1624 2283 1696; baseline -0.001 -12"><span class='ocrx_word' id='word_1_133' title='bbox 46 1629 154 1684; x_wconf 83' lang='lat' dir='ltr'><strong>rati</strong></span> <span class='ocrx_word' id='word_1_134' title='bbox 197 1629 262 1683; x_wconf 87' lang='lat' dir='ltr'><strong>in</strong></span> <span class='ocrx_word' id='word_1_135' title='bbox 303 1625 572 1696; x_wconf 87' lang='lat' dir='ltr'><strong>peculium</strong></span> <span class='ocrx_word' id='word_1_136' title='bbox 613 1627 775 1695; x_wconf 87' lang='lat' dir='ltr'><strong>regis.</strong></span> <span class='ocrx_word' id='word_1_137' title='bbox 849 1624 999 1682; x_wconf 87' lang='lat' dir='ltr'><strong>Unde</strong></span> <span class='ocrx_word' id='word_1_138' title='bbox 1040 1639 1105 1681; x_wconf 86' lang='lat' dir='ltr'><strong>se</strong></span> <span class='ocrx_word' id='word_1_139' title='bbox 1147 1640 1278 1695; x_wconf 86' lang='lat' dir='ltr'><strong>prae</strong></span> <span class='ocrx_word' id='word_1_140' title='bbox 1318 1626 1445 1682; x_wconf 87' lang='lat' dir='ltr'><strong>aliis</strong></span> <span class='ocrx_word' id='word_1_141' title='bbox 1484 1627 1717 1684; x_wconf 77' lang='lat' dir='ltr'><strong>fortasse</strong></span> <span class='ocrx_word' id='word_1_142' title='bbox 1748 1627 1959 1683; x_wconf 70' lang='lat' dir='ltr'><strong>liberos</strong></span> <span class='ocrx_word' id='word_1_143' title='bbox 1988 1626 2283 1682; x_wconf 84' lang='lat' dir='ltr'><strong>credidere.</strong></span> 
     </span>
     <span class='ocr_line' id='line_1_16' title="bbox 44 1711 2285 1786; baseline -0.001 -14"><span class='ocrx_word' id='word_1_144' title='bbox 44 1717 217 1773; x_wconf 77' lang='lat' dir='ltr'><strong>Certe</strong></span> <span class='ocrx_word' id='word_1_145' title='bbox 260 1717 354 1785; x_wconf 82' lang='lat' dir='ltr'><strong>qui</strong></span> <span class='ocrx_word' id='word_1_146' title='bbox 395 1711 550 1769; x_wconf 83' lang='lat' dir='ltr'><strong>i&#39;uere</strong></span> <span class='ocrx_word' id='word_1_147' title='bbox 591 1715 729 1783; x_wconf 90' lang='lat' dir='ltr'><strong>apud</strong></span> <span class='ocrx_word' id='word_1_148' title='bbox 759 1713 1100 1769; x_wconf 79' lang='lat' dir='ltr'><strong>wormatiam</strong></span> <span class='ocrx_word' id='word_1_149' title='bbox 1131 1713 1314 1784; x_wconf 86' lang='lat' dir='ltr'><strong>duces,</strong></span> <span class='ocrx_word' id='word_1_150' title='bbox 1355 1715 1544 1771; x_wconf 77' lang='lat' dir='ltr'><strong>sedem</strong></span> <span class='ocrx_word' id='word_1_151' title='bbox 1571 1716 1700 1786; x_wconf 84' lang='lat' dir='ltr'><strong>illic,</strong></span> <span class='ocrx_word' id='word_1_152' title='bbox 1736 1717 1981 1771; x_wconf 87' lang='lat' dir='ltr'><strong>ducatum</strong></span> <span class='ocrx_word' id='word_1_153' title='bbox 2009 1714 2140 1770; x_wconf 83' lang='lat' dir='ltr'><strong>alibi</strong></span> <span class='ocrx_word' id='word_1_154' title='bbox 2168 1713 2285 1771; x_wconf 76' lang='lat' dir='ltr'><strong>tere</strong></span> 
     </span>
     <span class='ocr_line' id='line_1_17' title="bbox 44 1800 2282 1875; baseline -0 -15"><span class='ocrx_word' id='word_1_155' title='bbox 44 1805 311 1860; x_wconf 70' lang='lat' dir='ltr'><strong>habuere.</strong></span> <span class='ocrx_word' id='word_1_156' title='bbox 384 1800 658 1858; x_wconf 75' lang='lat' dir='ltr'><strong>Credibile</strong></span> <span class='ocrx_word' id='word_1_157' title='bbox 697 1806 799 1873; x_wconf 90' lang='lat' dir='ltr'><strong>est,</strong></span> <span class='ocrx_word' id='word_1_158' title='bbox 840 1801 1147 1857; x_wconf 87' lang='lat' dir='ltr'><strong>Eberbardo</strong></span> <span class='ocrx_word' id='word_1_159' title='bbox 1191 1805 1247 1857; x_wconf 89' lang='lat' dir='ltr'><strong>et</strong></span> <span class='ocrx_word' id='word_1_160' title='bbox 1274 1801 1447 1857; x_wconf 86' lang='lat' dir='ltr'><strong>Udoni</strong></span> <span class='ocrx_word' id='word_1_161' title='bbox 1473 1805 1801 1858; x_wconf 73' lang='lat' dir='ltr'><strong>missaticam</strong></span> <span class='ocrx_word' id='word_1_162' title='bbox 1830 1803 2095 1874; x_wconf 80' lang='lat' dir='ltr'><strong>quandam</strong></span> <span class='ocrx_word' id='word_1_163' title='bbox 2122 1808 2282 1875; x_wconf 87' lang='lat' dir='ltr'><strong>pote-</strong></span> 
     </span>
     <span class='ocr_line' id='line_1_18' title="bbox 44 1889 2283 1962; baseline -0 -14"><span class='ocrx_word' id='word_1_164' title='bbox 44 1898 246 1948; x_wconf 71' lang='lat' dir='ltr'><strong>statem</strong></span> <span class='ocrx_word' id='word_1_165' title='bbox 276 1904 346 1946; x_wconf 80' lang='lat' dir='ltr'><strong>ex</strong></span> <span class='ocrx_word' id='word_1_166' title='bbox 370 1893 544 1948; x_wconf 78' lang='lat' dir='ltr'><strong>veteri</strong></span> <span class='ocrx_word' id='word_1_167' title='bbox 569 1905 719 1948; x_wconf 86' lang='lat' dir='ltr'><strong>more</strong></span> <span class='ocrx_word' id='word_1_168' title='bbox 745 1889 1099 1960; x_wconf 77' lang='lat' dir='ltr'><strong>superfuisse,</strong></span> <span class='ocrx_word' id='word_1_169' title='bbox 1127 1903 1235 1945; x_wconf 90' lang='lat' dir='ltr'><strong>non</strong></span> <span class='ocrx_word' id='word_1_170' title='bbox 1260 1893 1323 1944; x_wconf 89' lang='lat' dir='ltr'><strong>nt</strong></span> <span class='ocrx_word' id='word_1_171' title='bbox 1348 1890 1477 1946; x_wconf 86' lang='lat' dir='ltr'><strong>alibi</strong></span> <span class='ocrx_word' id='word_1_172' title='bbox 1504 1904 1715 1946; x_wconf 79' lang='lat' dir='ltr'><strong>versam</strong></span> <span class='ocrx_word' id='word_1_173' title='bbox 1732 1890 1988 1959; x_wconf 85' lang='lat' dir='ltr'><strong>in·legale</strong></span> <span class='ocrx_word' id='word_1_174' title='bbox 2001 1892 2091 1958; x_wconf 85' lang='lat' dir='ltr'><strong>Jus</strong></span> <span class='ocrx_word' id='word_1_175' title='bbox 2111 1890 2283 1962; x_wconf 89' lang='lat' dir='ltr'><strong>ducis,</strong></span> 
     </span>
     <span class='ocr_line' id='line_1_19' title="bbox 44 1977 2283 2058; baseline -0 -22"><span class='ocrx_word' id='word_1_176' title='bbox 44 1980 266 2052; x_wconf 65' lang='lat' dir='ltr'><strong>qualem</strong></span> <span class='ocrx_word' id='word_1_177' title='bbox 297 1977 586 2035; x_wconf 82' lang='lat' dir='ltr'><strong>Adelberto</strong></span> <span class='ocrx_word' id='word_1_178' title='bbox 613 1978 1016 2048; x_wconf 85' lang='lat' dir='ltr'><strong>Babebergeusi</strong></span> <span class='ocrx_word' id='word_1_179' title='bbox 1042 1982 1238 2049; x_wconf 84' lang='lat' dir='ltr'><strong>(supra</strong></span> <span class='ocrx_word' id='word_1_180' title='bbox 1265 1980 1445 2050; x_wconf 86' lang='lat' dir='ltr'><strong>capite</strong></span> <span class='ocrx_word' id='word_1_181' title='bbox 1471 1981 1749 2048; x_wconf 87' lang='lat' dir='ltr'><strong>truncato)</strong></span> <span class='ocrx_word' id='word_1_182' title='bbox 1776 1980 2107 2058; x_wconf 65' lang='lat' dir='ltr'><strong>etwprnero</strong></span> <span class='ocrx_word' id='word_1_183' title='bbox 2133 1978 2283 2035; x_wconf 86' lang='lat' dir='ltr'><strong>Con-</strong></span> 
     </span>
     <span class='ocr_line' id='line_1_20' title="bbox 42 2065 2285 2138; baseline -0.001 -13"><span class='ocrx_word' id='word_1_184' title='bbox 42 2071 165 2125; x_wconf 87' lang='lat' dir='ltr'><strong>radi</strong></span> <span class='ocrx_word' id='word_1_185' title='bbox 213 2069 359 2138; x_wconf 86' lang='lat' dir='ltr'><strong>regis</strong></span> <span class='ocrx_word' id='word_1_186' title='bbox 398 2081 501 2125; x_wconf 79' lang='lat' dir='ltr'><strong>avo</strong></span> <span class='ocrx_word' id='word_1_187' title='bbox 542 2066 727 2123; x_wconf 78' lang='lat' dir='ltr'><strong>tribuit</strong></span> <span class='ocrx_word' id='word_1_188' title='bbox 764 2065 1153 2135; x_wconf 75' lang='lat' dir='ltr'><strong>sangallensis.</strong></span> <span class='ocrx_word' id='word_1_189' title='bbox 1234 2067 1410 2137; x_wconf 83' lang='lat' dir='ltr'><strong>Atque</strong></span> <span class='ocrx_word' id='word_1_190' title='bbox 1452 2080 1517 2124; x_wconf 86' lang='lat' dir='ltr'><strong>ea</strong></span> <span class='ocrx_word' id='word_1_191' title='bbox 1556 2069 1667 2135; x_wconf 73' lang='lat' dir='ltr'><strong>jam</strong></span> <span class='ocrx_word' id='word_1_192' title='bbox 1708 2066 1839 2123; x_wconf 86' lang='lat' dir='ltr'><strong>olim</strong></span> <span class='ocrx_word' id='word_1_193' title='bbox 1878 2065 2178 2137; x_wconf 75' lang='lat' dir='ltr'><strong>suffecerat,</strong></span> <span class='ocrx_word' id='word_1_194' title='bbox 2224 2071 2285 2122; x_wconf 94' lang='lat' dir='ltr'><strong>ut</strong></span> 
     </span>
     <span class='ocr_line' id='line_1_21' title="bbox 42 2154 2287 2226; baseline -0.001 -13"><span class='ocrx_word' id='word_1_195' title='bbox 42 2156 377 2213; x_wconf 73' lang='lat' dir='ltr'><strong>habentibus</strong></span> <span class='ocrx_word' id='word_1_196' title='bbox 418 2156 570 2211; x_wconf 84' lang='lat' dir='ltr'><strong>ducis</strong></span> <span class='ocrx_word' id='word_1_197' title='bbox 610 2168 804 2211; x_wconf 85' lang='lat' dir='ltr'><strong>nomen</strong></span> <span class='ocrx_word' id='word_1_198' title='bbox 842 2155 1006 2223; x_wconf 78' lang='lat' dir='ltr'><strong>vulgo</strong></span> <span class='ocrx_word' id='word_1_199' title='bbox 1047 2155 1278 2212; x_wconf 83' lang='lat' dir='ltr'><strong>daretur.</strong></span> <span class='ocrx_word' id='word_1_200' title='bbox 1352 2155 1463 2211; x_wconf 91' lang='lat' dir='ltr'><strong>Sed</strong></span> <span class='ocrx_word' id='word_1_201' title='bbox 1498 2170 1609 2212; x_wconf 87' lang='lat' dir='ltr'><strong>rem</strong></span> <span class='ocrx_word' id='word_1_202' title='bbox 1649 2154 1878 2226; x_wconf 89' lang='lat' dir='ltr'><strong>amplius</strong></span> <span class='ocrx_word' id='word_1_203' title='bbox 1914 2155 2002 2210; x_wconf 87' lang='lat' dir='ltr'><strong>bic</strong></span> <span class='ocrx_word' id='word_1_204' title='bbox 2024 2159 2287 2226; x_wconf 66' lang='lat' dir='ltr'><strong>prosequi</strong></span> 
     </span>
     <span class='ocr_line' id='line_1_22' title="bbox 42 2243 2280 2316; baseline -0 -15"><span class='ocrx_word' id='word_1_205' title='bbox 42 2260 160 2301; x_wconf 84' lang='lat' dir='ltr'><strong>non</strong></span> <span class='ocrx_word' id='word_1_206' title='bbox 202 2246 353 2302; x_wconf 81' lang='lat' dir='ltr'><strong>licet.</strong></span> <span class='ocrx_word' id='word_1_207' title='bbox 423 2243 598 2300; x_wconf 78' lang='lat' dir='ltr'><strong>udoni</strong></span> <span class='ocrx_word' id='word_1_208' title='bbox 632 2245 702 2300; x_wconf 76' lang='lat' dir='ltr'><strong>in·</strong></span> <span class='ocrx_word' id='word_1_209' title='bbox 726 2243 984 2300; x_wconf 76' lang='lat' dir='ltr'><strong>bonorem</strong></span> <span class='ocrx_word' id='word_1_210' title='bbox 1025 2243 1177 2299; x_wconf 86' lang='lat' dir='ltr'><strong>ducis</strong></span> <span class='ocrx_word' id='word_1_211' title='bbox 1215 2243 1358 2299; x_wconf 82' lang='lat' dir='ltr'><strong>iilius</strong></span> <span class='ocrx_word' id='word_1_212' title='bbox 1386 2243 1502 2301; x_wconf 89' lang='lat' dir='ltr'><strong>Udo</strong></span> <span class='ocrx_word' id='word_1_213' title='bbox 1530 2247 1812 2316; x_wconf 83' lang='lat' dir='ltr'><strong>successit,</strong></span> <span class='ocrx_word' id='word_1_214' title='bbox 1847 2248 1906 2300; x_wconf 88' lang='lat' dir='ltr'><strong>ut</strong></span> <span class='ocrx_word' id='word_1_215' title='bbox 1932 2245 2280 2302; x_wconf 69' lang='lat' dir='ltr'><strong>ostendamus</strong></span> 
     </span>
     <span class='ocr_line' id='line_1_23' title="bbox 43 2333 444 2391; baseline -0.012 0"><span class='ocrx_word' id='word_1_216' title='bbox 43 2335 120 2391; x_wconf 89' lang='lat' dir='ltr'><strong>ad</strong></span> <span class='ocrx_word' id='word_1_217' title='bbox 149 2348 200 2390; x_wconf 93' lang='lat' dir='ltr'><strong>a.</strong></span> <span class='ocrx_word' id='word_1_218' title='bbox 229 2333 293 2389; x_wconf 83' lang='lat'><strong>1).</strong></span> <span class='ocrx_word' id='word_1_219' title='bbox 323 2333 444 2390; x_wconf 66' lang='lat'><strong>949.</strong></span> 
     </span>
    </p>

    <p class='ocr_par' dir='ltr' id='par_1_3' title="bbox 45 2419 2283 2758">
     <span class='ocr_line' id='line_1_24' title="bbox 201 2419 2278 2483; baseline 0 -6"><span class='ocrx_word' id='word_1_220' title='bbox 201 2423 286 2477; x_wconf 70' lang='lat'><strong>15.</strong></span> <span class='ocrx_word' id='word_1_221' title='bbox 358 2419 593 2477; x_wconf 76' lang='lat' dir='ltr'><strong>liabetur</strong></span> <span class='ocrx_word' id='word_1_222' title='bbox 620 2422 1011 2480; x_wconf 76' lang='lat' dir='ltr'><strong>narratiuncula</strong></span> <span class='ocrx_word' id='word_1_223' title='bbox 1040 2422 1493 2482; x_wconf 77' lang='lat' dir='ltr'><strong>‹le-Ebersteiniis</strong></span> <span class='ocrx_word' id='word_1_224' title='bbox 1521 2426 1803 2483; x_wconf 78' lang='lat' dir='ltr'><strong>comitibus</strong></span> <span class='ocrx_word' id='word_1_225' title='bbox 1834 2439 1954 2481; x_wconf 89' lang='lat' dir='ltr'><strong>cum</strong></span> <span class='ocrx_word' id='word_1_226' title='bbox 1982 2423 2182 2480; x_wconf 82' lang='lat' dir='ltr'><strong>ottone</strong></span> <span class='ocrx_word' id='word_1_227' title='bbox 2209 2422 2278 2478; x_wconf 74' lang='lat' dir='ltr'><strong>n.</strong></span> 
     </span>
     <span class='ocr_line' id='line_1_25' title="bbox 45 2511 2282 2582; baseline -0 -14"><span class='ocrx_word' id='word_1_228' title='bbox 45 2511 160 2568; x_wconf 78' lang='lat' dir='ltr'><strong>boc</strong></span> <span class='ocrx_word' id='word_1_229' title='bbox 185 2512 305 2582; x_wconf 87' lang='lat' dir='ltr'><strong>ipso</strong></span> <span class='ocrx_word' id='word_1_230' title='bbox 336 2515 578 2582; x_wconf 88' lang='lat' dir='ltr'><strong>tempore</strong></span> <span class='ocrx_word' id='word_1_231' title='bbox 604 2512 953 2582; x_wconf 82' lang='lat' dir='ltr'><strong>conflictatis·;</strong></span> <span class='ocrx_word' id='word_1_232' title='bbox 994 2526 1132 2582; x_wconf 77' lang='lat' dir='ltr'><strong>qnae</strong></span> <span class='ocrx_word' id='word_1_233' title='bbox 1161 2526 1230 2568; x_wconf 88' lang='lat' dir='ltr'><strong>ex</strong></span> <span class='ocrx_word' id='word_1_234' title='bbox 1255 2513 1549 2569; x_wconf 83' lang='lat' dir='ltr'><strong>Eberhardi</strong></span> <span class='ocrx_word' id='word_1_235' title='bbox 1576 2514 1879 2569; x_wconf 90' lang='lat' dir='ltr'><strong>rebellione</strong></span> <span class='ocrx_word' id='word_1_236' title='bbox 1904 2517 2029 2569; x_wconf 89' lang='lat' dir='ltr'><strong>nata</strong></span> <span class='ocrx_word' id='word_1_237' title='bbox 2056 2513 2282 2582; x_wconf 81' lang='lat' dir='ltr'><strong>videtur,</strong></span> 
     </span>
     <span class='ocr_line' id='line_1_26' title="bbox 49 2598 2280 2672; baseline -0 -16"><span class='ocrx_word' id='word_1_238' title='bbox 49 2604 146 2671; x_wconf 82' lang='lat' dir='ltr'><strong>qui</strong></span> <span class='ocrx_word' id='word_1_239' title='bbox 187 2601 278 2655; x_wconf 75' lang='lat' dir='ltr'><strong>vel</strong></span> <span class='ocrx_word' id='word_1_240' title='bbox 318 2612 447 2655; x_wconf 86' lang='lat' dir='ltr'><strong>esse</strong></span> <span class='ocrx_word' id='word_1_241' title='bbox 484 2598 574 2655; x_wconf 82' lang='lat' dir='ltr'><strong>vel</strong></span> <span class='ocrx_word' id='word_1_242' title='bbox 612 2600 759 2655; x_wconf 88' lang='lat' dir='ltr'><strong>credi</strong></span> <span class='ocrx_word' id='word_1_243' title='bbox 795 2603 968 2672; x_wconf 86' lang='lat' dir='ltr'><strong>potuit</strong></span> <span class='ocrx_word' id='word_1_244' title='bbox 994 2600 1230 2656; x_wconf 71' lang='lat' dir='ltr'><strong>iamiliae</strong></span> <span class='ocrx_word' id='word_1_245' title='bbox 1258 2607 1429 2656; x_wconf 89' lang='lat' dir='ltr'><strong>autor.</strong></span> <span class='ocrx_word' id='word_1_246' title='bbox 1501 2601 1610 2656; x_wconf 80' lang='lat' dir='ltr'><strong>Arx</strong></span> <span class='ocrx_word' id='word_1_247' title='bbox 1637 2600 1995 2668; x_wconf 84' lang='lat' dir='ltr'><strong>Ebersteinia,</strong></span> <span class='ocrx_word' id='word_1_248' title='bbox 2033 2601 2280 2655; x_wconf 87' lang='lat' dir='ltr'><strong>comitum</strong></span> 
     </span>
     <span class='ocr_line' id='line_1_27' title="bbox 54 2687 2283 2758; baseline -0 -13"><span class='ocrx_word' id='word_1_249' title='bbox 54 2689 241 2758; x_wconf 75' lang='lat' dir='ltr'><strong>sedas,</strong></span> <span class='ocrx_word' id='word_1_250' title='bbox 279 2691 510 2744; x_wconf 83' lang='lat' dir='ltr'><strong>tortasse</strong></span> <span class='ocrx_word' id='word_1_251' title='bbox 547 2687 614 2744; x_wconf 89' lang='lat' dir='ltr'><strong>ab</strong></span> <span class='ocrx_word' id='word_1_252' title='bbox 642 2688 951 2745; x_wconf 79' lang='lat' dir='ltr'><strong>Eberhardo</strong></span> <span class='ocrx_word' id='word_1_253' title='bbox 994 2688 1173 2758; x_wconf 73' lang='lat' dir='ltr'><strong>aliquo</strong></span> <span class='ocrx_word' id='word_1_254' title='bbox 1213 2688 1429 2743; x_wconf 87' lang='lat' dir='ltr'><strong>condita</strong></span> <span class='ocrx_word' id='word_1_255' title='bbox 1467 2690 1654 2758; x_wconf 82' lang='lat' dir='ltr'><strong>(quasi</strong></span> <span class='ocrx_word' id='word_1_256' title='bbox 1697 2687 2191 2755; x_wconf 75' lang='lat' dir='ltr'><strong>Eberhard-stein)</strong></span> <span class='ocrx_word' id='word_1_257' title='bbox 2226 2688 2283 2744; x_wconf 86' lang='lat' dir='ltr'><strong>in</strong></span> 
     </span>
    </p>
   </div>
   <div class='ocr_carea' id='block_1_3' title="bbox 55 2774 2282 2936">
    <p class='ocr_par' dir='ltr' id='par_1_4' title="bbox 55 2774 2282 2936">
     <span class='ocr_line' id='line_1_28' title="bbox 55 2774 2281 2846; baseline -0.002 -13"><span class='ocrx_word' id='word_1_258' title='bbox 55 2779 256 2833; x_wconf 75' lang='lat' dir='ltr'><strong>vicinia</strong></span> <span class='ocrx_word' id='word_1_259' title='bbox 281 2776 540 2832; x_wconf 88' lang='lat' dir='ltr'><strong>Badensis</strong></span> <span class='ocrx_word' id='word_1_260' title='bbox 580 2778 817 2844; x_wconf 80' lang='lat' dir='ltr'><strong>regionis</strong></span> <span class='ocrx_word' id='word_1_261' title='bbox 858 2781 913 2833; x_wconf 89' lang='lat' dir='ltr'><strong>et</strong></span> <span class='ocrx_word' id='word_1_262' title='bbox 949 2775 1149 2846; x_wconf 72' lang='lat' dir='ltr'><strong>Syivae</strong></span> <span class='ocrx_word' id='word_1_263' title='bbox 1174 2776 1386 2845; x_wconf 86' lang='lat' dir='ltr'><strong>Nigrae,</strong></span> <span class='ocrx_word' id='word_1_264' title='bbox 1428 2790 1536 2832; x_wconf 90' lang='lat' dir='ltr'><strong>non</strong></span> <span class='ocrx_word' id='word_1_265' title='bbox 1563 2776 1749 2846; x_wconf 88' lang='lat' dir='ltr'><strong>procu}</strong></span> <span class='ocrx_word' id='word_1_266' title='bbox 1776 2775 1959 2844; x_wconf 73' lang='lat' dir='ltr'><strong>Murga</strong></span> <span class='ocrx_word' id='word_1_267' title='bbox 1994 2789 2148 2830; x_wconf 87' lang='lat' dir='ltr'><strong>amne</strong></span> <span class='ocrx_word' id='word_1_268' title='bbox 2177 2774 2281 2830; x_wconf 87' lang='lat' dir='ltr'><strong>sita</strong></span> 
     </span>
     <span class='ocr_line' id='line_1_29' title="bbox 59 2861 2282 2936; baseline -0.002 -14"><span class='ocrx_word' id='word_1_269' title='bbox 59 2870 165 2922; x_wconf 74' lang='lat' dir='ltr'><strong>est.</strong></span> <span class='ocrx_word' id='word_1_270' title='bbox 234 2866 378 2919; x_wconf 81' lang='lat' dir='ltr'><strong>lianc</strong></span> <span class='ocrx_word' id='word_1_271' title='bbox 403 2869 624 2936; x_wconf 88' lang='lat' dir='ltr'><strong>recepto</strong></span> <span class='ocrx_word' id='word_1_272' title='bbox 654 2866 872 2921; x_wconf 86' lang='lat' dir='ltr'><strong>Brisaco</strong></span> <span class='ocrx_word' id='word_1_273' title='bbox 901 2867 956 2921; x_wconf 89' lang='lat' dir='ltr'><strong>et</strong></span> <span class='ocrx_word' id='word_1_274' title='bbox 980 2865 1349 2934; x_wconf 76' lang='lat' dir='ltr'><strong>Argentorato,</strong></span> <span class='ocrx_word' id='word_1_275' title='bbox 1375 2862 1544 2919; x_wconf 79' lang='lat' dir='ltr'><strong>fertur</strong></span> <span class='ocrx_word' id='word_1_276' title='bbox 1567 2863 1694 2917; x_wconf 87' lang='lat' dir='ltr'><strong>Otto</strong></span> <span class='ocrx_word' id='word_1_277' title='bbox 1721 2864 1965 2919; x_wconf 88' lang='lat' dir='ltr'><strong>diuturna</strong></span> <span class='ocrx_word' id='word_1_278' title='bbox 1993 2861 2282 2918; x_wconf 79' lang='lat' dir='ltr'><strong>obsidione</strong></span> 
     </span>
    </p>
   </div>
   <div class='ocr_carea' id='block_1_4' title="bbox 59 2949 2281 4482">
    <p class='ocr_par' dir='ltr' id='par_1_5' title="bbox 59 2949 2281 4441">
     <span class='ocr_line' id='line_1_30' title="bbox 59 2949 2279 3025; baseline -0.002 -15"><span class='ocrx_word' id='word_1_279' title='bbox 59 2956 343 3025; x_wconf 78' lang='lat' dir='ltr'><strong>pressisse,</strong></span> <span class='ocrx_word' id='word_1_280' title='bbox 382 2968 502 3010; x_wconf 87' lang='lat' dir='ltr'><strong>cum</strong></span> <span class='ocrx_word' id='word_1_281' title='bbox 529 2952 722 3008; x_wconf 70' lang='lat' dir='ltr'><strong>trustra</strong></span> <span class='ocrx_word' id='word_1_282' title='bbox 748 2967 854 3023; x_wconf 83' lang='lat' dir='ltr'><strong>per</strong></span> <span class='ocrx_word' id='word_1_283' title='bbox 873 2957 1194 3021; x_wconf 76' lang='lat' dir='ltr'><strong>stratagema</strong></span> <span class='ocrx_word' id='word_1_284' title='bbox 1222 2956 1501 3008; x_wconf 87' lang='lat' dir='ltr'><strong>tentasset.</strong></span> <span class='ocrx_word' id='word_1_285' title='bbox 1576 2950 1845 3006; x_wconf 72' lang='lat' dir='ltr'><strong>Fabellam</strong></span> <span class='ocrx_word' id='word_1_286' title='bbox 1869 2964 1980 3006; x_wconf 89' lang='lat' dir='ltr'><strong>non</strong></span> <span class='ocrx_word' id='word_1_287' title='bbox 2004 2949 2279 3021; x_wconf 85' lang='lat' dir='ltr'><strong>illepidam</strong></span> 
     </span>
     <span class='ocr_line' id='line_1_31' title="bbox 64 3038 2278 3112; baseline -0.003 -13"><span class='ocrx_word' id='word_1_288' title='bbox 64 3059 136 3100; x_wconf 84' lang='lat' dir='ltr'><strong>ex</strong></span> <span class='ocrx_word' id='word_1_289' title='bbox 161 3044 510 3112; x_wconf 81' lang='lat' dir='ltr'><strong>manuscripto</strong></span> <span class='ocrx_word' id='word_1_290' title='bbox 539 3042 769 3112; x_wconf 77' lang='lat' dir='ltr'><strong>quedam</strong></span> <span class='ocrx_word' id='word_1_291' title='bbox 798 3042 1048 3098; x_wconf 88' lang='lat' dir='ltr'><strong>comitum</strong></span> <span class='ocrx_word' id='word_1_292' title='bbox 1076 3039 1263 3097; x_wconf 90' lang='lat' dir='ltr'><strong>libello</strong></span> <span class='ocrx_word' id='word_1_293' title='bbox 1292 3039 1510 3096; x_wconf 81' lang='lat' dir='ltr'><strong>exbibet</strong></span> <span class='ocrx_word' id='word_1_294' title='bbox 1538 3038 1773 3096; x_wconf 82' lang='lat' dir='ltr'><strong>Crusius.</strong></span> <span class='ocrx_word' id='word_1_295' title='bbox 1843 3038 1956 3094; x_wconf 79' lang='lat' dir='ltr'><strong>Rex</strong></span> <span class='ocrx_word' id='word_1_296' title='bbox 1993 3038 2278 3094; x_wconf 77' lang='lat' dir='ltr'><strong>comitibus</strong></span> 
     </span>
     <span class='ocr_line' id='line_1_32' title="bbox 71 3129 2281 3200; baseline -0.002 -12"><span class='ocrx_word' id='word_1_297' title='bbox 71 3131 328 3200; x_wconf 77' lang='lat' dir='ltr'><strong>diffidens,</strong></span> <span class='ocrx_word' id='word_1_298' title='bbox 366 3137 422 3186; x_wconf 90' lang='lat' dir='ltr'><strong>et</strong></span> <span class='ocrx_word' id='word_1_299' title='bbox 448 3132 558 3186; x_wconf 90' lang='lat' dir='ltr'><strong>arci</strong></span> <span class='ocrx_word' id='word_1_300' title='bbox 585 3144 769 3187; x_wconf 86' lang='lat' dir='ltr'><strong>eorum</strong></span> <span class='ocrx_word' id='word_1_301' title='bbox 795 3129 1024 3200; x_wconf 71' lang='lat' dir='ltr'><strong>inbianS,</strong></span> <span class='ocrx_word' id='word_1_302' title='bbox 1061 3130 1434 3185; x_wconf 86' lang='lat' dir='ltr'><strong>decursionem</strong></span> <span class='ocrx_word' id='word_1_303' title='bbox 1462 3129 1717 3184; x_wconf 81' lang='lat' dir='ltr'><strong>ludicram</strong></span> <span class='ocrx_word' id='word_1_304' title='bbox 1745 3129 1872 3184; x_wconf 78' lang='lat' dir='ltr'><strong>sive</strong></span> <span class='ocrx_word' id='word_1_305' title='bbox 1889 3130 2281 3183; x_wconf 84' lang='lat' dir='ltr'><strong>tornamentum</strong></span> 
     </span>
     <span class='ocr_line' id='line_1_33' title="bbox 69 3218 2281 3291; baseline -0.001 -18"><span class='ocrx_word' id='word_1_306' title='bbox 69 3219 457 3290; x_wconf 78' lang='lat' dir='ltr'><strong>(figmentorum</strong></span> <span class='ocrx_word' id='word_1_307' title='bbox 506 3222 878 3289; x_wconf 84' lang='lat' dir='ltr'><strong>seminarium)</strong></span> <span class='ocrx_word' id='word_1_308' title='bbox 925 3219 1064 3291; x_wconf 88' lang='lat' dir='ltr'><strong>apud</strong></span> <span class='ocrx_word' id='word_1_309' title='bbox 1111 3219 1318 3289; x_wconf 67' lang='lat' dir='ltr'><strong>Spin-am</strong></span> <span class='ocrx_word' id='word_1_310' title='bbox 1363 3218 1586 3286; x_wconf 76' lang='lat' dir='ltr'><strong>indicit3</strong></span> <span class='ocrx_word' id='word_1_311' title='bbox 1640 3218 1861 3273; x_wconf 64' lang='lat' dir='ltr'><strong>invitati*</strong></span> <span class='ocrx_word' id='word_1_312' title='bbox 1897 3220 2008 3272; x_wconf 76' lang='lat' dir='ltr'><strong>tres</strong></span> <span class='ocrx_word' id='word_1_313' title='bbox 2054 3218 2281 3271; x_wconf 86' lang='lat' dir='ltr'><strong>comites</strong></span> 
     </span>
     <span class='ocr_line' id='line_1_34' title="bbox 73 3304 2280 3380; baseline -0.002 -16"><span class='ocrx_word' id='word_1_314' title='bbox 73 3309 298 3378; x_wconf 70' lang='lat' dir='ltr'><strong>equestri</strong></span> <span class='ocrx_word' id='word_1_315' title='bbox 323 3307 482 3364; x_wconf 86' lang='lat' dir='ltr'><strong>lande</strong></span> <span class='ocrx_word' id='word_1_316' title='bbox 508 3307 640 3363; x_wconf 88' lang='lat' dir='ltr'><strong>clari</strong></span> <span class='ocrx_word' id='word_1_317' title='bbox 666 3307 876 3380; x_wconf 88' lang='lat' dir='ltr'><strong>adsunt,</strong></span> <span class='ocrx_word' id='word_1_318' title='bbox 917 3321 1106 3364; x_wconf 85' lang='lat' dir='ltr'><strong>arcem-</strong></span> <span class='ocrx_word' id='word_1_319' title='bbox 1123 3320 1272 3362; x_wconf 81' lang='lat' dir='ltr'><strong>suam</strong></span> <span class='ocrx_word' id='word_1_320' title='bbox 1301 3312 1520 3363; x_wconf 85' lang='lat' dir='ltr'><strong>strenuo</strong></span> <span class='ocrx_word' id='word_1_321' title='bbox 1547 3307 1663 3361; x_wconf 79' lang='lat' dir='ltr'><strong>viro</strong></span> <span class='ocrx_word' id='word_1_322' title='bbox 1693 3305 2080 3361; x_wconf 71' lang='lat' dir='ltr'><strong>commendant.</strong></span> <span class='ocrx_word' id='word_1_323' title='bbox 2152 3304 2280 3359; x_wconf 86' lang='lat' dir='ltr'><strong>Post</strong></span> 
     </span>
     <span class='ocr_line' id='line_1_35' title="bbox 70 3392 2275 3467; baseline -0.004 -13"><span class='ocrx_word' id='word_1_324' title='bbox 70 3403 330 3454; x_wconf 83' lang='lat' dir='ltr'><strong>certamen</strong></span> <span class='ocrx_word' id='word_1_325' title='bbox 357 3400 411 3452; x_wconf 86' lang='lat' dir='ltr'><strong>et</strong></span> <span class='ocrx_word' id='word_1_326' title='bbox 435 3398 673 3467; x_wconf 87' lang='lat' dir='ltr'><strong>praemia</strong></span> <span class='ocrx_word' id='word_1_327' title='bbox 699 3396 846 3452; x_wconf 81' lang='lat' dir='ltr'><strong>lauto</strong></span> <span class='ocrx_word' id='word_1_328' title='bbox 875 3397 1122 3453; x_wconf 69' lang='lat' dir='ltr'><strong>convivio</strong></span> <span class='ocrx_word' id='word_1_329' title='bbox 1144 3400 1199 3450; x_wconf 90' lang='lat' dir='ltr'><strong>et</strong></span> <span class='ocrx_word' id='word_1_330' title='bbox 1218 3409 1340 3451; x_wconf 78' lang='lat' dir='ltr'><strong>mox</strong></span> <span class='ocrx_word' id='word_1_331' title='bbox 1359 3395 1558 3451; x_wconf 86' lang='lat' dir='ltr'><strong>cborea</strong></span> <span class='ocrx_word' id='word_1_332' title='bbox 1580 3392 1942 3451; x_wconf 75' lang='lat' dir='ltr'><strong>exhilarantur</strong></span> <span class='ocrx_word' id='word_1_333' title='bbox 1965 3395 2275 3450; x_wconf 86' lang='lat' dir='ltr'><strong>certatores.</strong></span> 
     </span>
     <span class='ocr_line' id='line_1_36' title="bbox 63 3480 2278 3555; baseline -0.003 -13"><span class='ocrx_word' id='word_1_334' title='bbox 63 3486 382 3543; x_wconf 75' lang='lat' dir='ltr'><strong>Bbarsteinii</strong></span> <span class='ocrx_word' id='word_1_335' title='bbox 421 3487 648 3541; x_wconf 76' lang='lat' dir='ltr'><strong>semitas</strong></span> <span class='ocrx_word' id='word_1_336' title='bbox 676 3483 842 3539; x_wconf 87' lang='lat' dir='ltr'><strong>multo</strong></span> <span class='ocrx_word' id='word_1_337' title='bbox 869 3486 1126 3555; x_wconf 82' lang='lat' dir='ltr'><strong>imprimis</strong></span> <span class='ocrx_word' id='word_1_338' title='bbox 1153 3483 1357 3540; x_wconf 76' lang='lat' dir='ltr'><strong>bonore</strong></span> <span class='ocrx_word' id='word_1_339' title='bbox 1385 3483 1716 3554; x_wconf 82' lang='lat' dir='ltr'><strong>colebantur,</strong></span> <span class='ocrx_word' id='word_1_340' title='bbox 1757 3487 1817 3539; x_wconf 83' lang='lat' dir='ltr'><strong>ut</strong></span> <span class='ocrx_word' id='word_1_341' title='bbox 1843 3484 1900 3538; x_wconf 91' lang='lat' dir='ltr'><strong>in</strong></span> <span class='ocrx_word' id='word_1_342' title='bbox 1928 3481 2133 3551; x_wconf 81' lang='lat' dir='ltr'><strong>aliquot</strong></span> <span class='ocrx_word' id='word_1_343' title='bbox 2159 3480 2278 3536; x_wconf 86' lang='lat' dir='ltr'><strong>dies</strong></span> 
     </span>
     <span class='ocr_line' id='line_1_37' title="bbox 67 3568 2277 3644; baseline -0.004 -12"><span class='ocrx_word' id='word_1_344' title='bbox 67 3576 290 3632; x_wconf 77' lang='lat' dir='ltr'><strong>detineri</strong></span> <span class='ocrx_word' id='word_1_345' title='bbox 306 3578 543 3644; x_wconf 79' lang='lat' dir='ltr'><strong>possent.</strong></span> <span class='ocrx_word' id='word_1_346' title='bbox 615 3574 725 3629; x_wconf 87' lang='lat' dir='ltr'><strong>Sed</strong></span> <span class='ocrx_word' id='word_1_347' title='bbox 753 3576 810 3629; x_wconf 90' lang='lat' dir='ltr'><strong>in</strong></span> <span class='ocrx_word' id='word_1_348' title='bbox 833 3575 956 3643; x_wconf 86' lang='lat' dir='ltr'><strong>ipsa</strong></span> <span class='ocrx_word' id='word_1_349' title='bbox 984 3573 1229 3629; x_wconf 75' lang='lat' dir='ltr'><strong>choreaa</strong></span> <span class='ocrx_word' id='word_1_350' title='bbox 1247 3573 1493 3642; x_wconf 87' lang='lat' dir='ltr'><strong>primaria</strong></span> <span class='ocrx_word' id='word_1_351' title='bbox 1513 3573 1716 3641; x_wconf 82' lang='lat' dir='ltr'><strong>virgine</strong></span> <span class='ocrx_word' id='word_1_352' title='bbox 1733 3572 2040 3628; x_wconf 75' lang='lat' dir='ltr'><strong>insidiarum</strong></span> <span class='ocrx_word' id='word_1_353' title='bbox 2062 3568 2277 3625; x_wconf 89' lang='lat' dir='ltr'><strong>occulte</strong></span> 
     </span>
     <span class='ocr_line' id='line_1_38' title="bbox 69 3655 2279 3732; baseline -0.004 -12"><span class='ocrx_word' id='word_1_354' title='bbox 69 3663 423 3720; x_wconf 74' lang='lat' dir='ltr'><strong>admoneatur.</strong></span> <span class='ocrx_word' id='word_1_355' title='bbox 494 3661 582 3717; x_wconf 86' lang='lat' dir='ltr'><strong>llli</strong></span> <span class='ocrx_word' id='word_1_356' title='bbox 613 3661 861 3718; x_wconf 84' lang='lat' dir='ltr'><strong>simulato</strong></span> <span class='ocrx_word' id='word_1_357' title='bbox 886 3665 940 3717; x_wconf 86' lang='lat' dir='ltr'><strong>ia</strong></span> <span class='ocrx_word' id='word_1_358' title='bbox 964 3663 1187 3717; x_wconf 86' lang='lat' dir='ltr'><strong>alteram</strong></span> <span class='ocrx_word' id='word_1_359' title='bbox 1210 3660 1347 3716; x_wconf 89' lang='lat' dir='ltr'><strong>diem</strong></span> <span class='ocrx_word' id='word_1_360' title='bbox 1368 3661 1575 3718; x_wconf 86' lang='lat' dir='ltr'><strong>ludicro</strong></span> <span class='ocrx_word' id='word_1_361' title='bbox 1593 3661 1829 3732; x_wconf 87' lang='lat' dir='ltr'><strong>praemia</strong></span> <span class='ocrx_word' id='word_1_362' title='bbox 1848 3663 2063 3714; x_wconf 83' lang='lat' dir='ltr'><strong>centum</strong></span> <span class='ocrx_word' id='word_1_363' title='bbox 2080 3655 2279 3713; x_wconf 79' lang='lat' dir='ltr'><strong>aui-eo-</strong></span> 
     </span>
     <span class='ocr_line' id='line_1_39' title="bbox 66 3748 2279 3822; baseline -0.003 -14"><span class='ocrx_word' id='word_1_364' title='bbox 66 3766 187 3808; x_wconf 79' lang='lat' dir='ltr'><strong>rum</strong></span> <span class='ocrx_word' id='word_1_365' title='bbox 228 3751 499 3821; x_wconf 78' lang='lat' dir='ltr'><strong>deponunt,</strong></span> <span class='ocrx_word' id='word_1_366' title='bbox 555 3765 661 3821; x_wconf 85' lang='lat' dir='ltr'><strong>quo</strong></span> <span class='ocrx_word' id='word_1_367' title='bbox 704 3752 879 3806; x_wconf 88' lang='lat' dir='ltr'><strong>minus</strong></span> <span class='ocrx_word' id='word_1_368' title='bbox 905 3750 1367 3815; x_wconf 82' lang='lat' dir='ltr'><strong>·observarentur;</strong></span> <span class='ocrx_word' id='word_1_369' title='bbox 1418 3751 1518 3807; x_wconf 88' lang='lat' dir='ltr'><strong>sed</strong></span> <span class='ocrx_word' id='word_1_370' title='bbox 1557 3764 1621 3807; x_wconf 86' lang='lat' dir='ltr'><strong>se</strong></span> <span class='ocrx_word' id='word_1_371' title='bbox 1659 3751 1953 3822; x_wconf 88' lang='lat' dir='ltr'><strong>proripiunt</strong></span> <span class='ocrx_word' id='word_1_372' title='bbox 1993 3748 2175 3815; x_wconf 83' lang='lat' dir='ltr'><strong>noctu,</strong></span> <span class='ocrx_word' id='word_1_373' title='bbox 2223 3749 2279 3802; x_wconf 87' lang='lat' dir='ltr'><strong>et</strong></span> 
     </span>
     <span class='ocr_line' id='line_1_40' title="bbox 73 3836 2279 3909; baseline -0.002 -13"><span class='ocrx_word' id='word_1_374' title='bbox 73 3841 273 3896; x_wconf 78' lang='lat' dir='ltr'><strong>domum</strong></span> <span class='ocrx_word' id='word_1_375' title='bbox 304 3839 528 3895; x_wconf 89' lang='lat' dir='ltr'><strong>redeunt</strong></span> <span class='ocrx_word' id='word_1_376' title='bbox 555 3841 731 3895; x_wconf 88' lang='lat' dir='ltr'><strong>citatis</strong></span> <span class='ocrx_word' id='word_1_377' title='bbox 760 3842 932 3909; x_wconf 83' lang='lat' dir='ltr'><strong>equis.</strong></span> <span class='ocrx_word' id='word_1_378' title='bbox 1002 3838 1284 3894; x_wconf 79' lang='lat' dir='ltr'><strong>Inveniunt</strong></span> <span class='ocrx_word' id='word_1_379' title='bbox 1311 3852 1490 3895; x_wconf 90' lang='lat' dir='ltr'><strong>arcem</strong></span> <span class='ocrx_word' id='word_1_380' title='bbox 1519 3852 1668 3893; x_wconf 88' lang='lat' dir='ltr'><strong>suam</strong></span> <span class='ocrx_word' id='word_1_381' title='bbox 1697 3836 2006 3908; x_wconf 86' lang='lat' dir='ltr'><strong>oppugnari,</strong></span> <span class='ocrx_word' id='word_1_382' title='bbox 2048 3847 2279 3905; x_wconf 85' lang='lat' dir='ltr'><strong>eamque</strong></span> 
     </span>
     <span class='ocr_line' id='line_1_41' title="bbox 73 3923 2277 3998; baseline -0.003 -14"><span class='ocrx_word' id='word_1_383' title='bbox 73 3930 290 3997; x_wconf 81' lang='lat' dir='ltr'><strong>ingressi</strong></span> <span class='ocrx_word' id='word_1_384' title='bbox 326 3930 542 3984; x_wconf 86' lang='lat' dir='ltr'><strong>strenue</strong></span> <span class='ocrx_word' id='word_1_385' title='bbox 579 3927 896 3984; x_wconf 80' lang='lat' dir='ltr'><strong>defendunt.</strong></span> <span class='ocrx_word' id='word_1_386' title='bbox 929 3981 936 3988; x_wconf 83' lang='lat'><strong>,</strong></span> <span class='ocrx_word' id='word_1_387' title='bbox 968 3926 1080 3983; x_wconf 80' lang='lat' dir='ltr'><strong>Rex</strong></span> <span class='ocrx_word' id='word_1_388' title='bbox 1108 3928 1311 3998; x_wconf 85' lang='lat' dir='ltr'><strong>elusus,</strong></span> <span class='ocrx_word' id='word_1_389' title='bbox 1351 3941 1470 3982; x_wconf 88' lang='lat' dir='ltr'><strong>eam</strong></span> <span class='ocrx_word' id='word_1_390' title='bbox 1499 3925 1782 3981; x_wconf 86' lang='lat' dir='ltr'><strong>obsidione</strong></span> <span class='ocrx_word' id='word_1_391' title='bbox 1810 3924 2054 3980; x_wconf 80' lang='lat' dir='ltr'><strong>diuturna</strong></span> <span class='ocrx_word' id='word_1_392' title='bbox 2080 3923 2277 3979; x_wconf 75' lang='lat' dir='ltr'><strong>trustra</strong></span> 
     </span>
     <span class='ocr_line' id='line_1_42' title="bbox 75 4013 2279 4088; baseline -0.003 -15"><span class='ocrx_word' id='word_1_393' title='bbox 75 4019 248 4087; x_wconf 77' lang='lat' dir='ltr'><strong>cinxit,</strong></span> <span class='ocrx_word' id='word_1_394' title='bbox 289 4017 502 4073; x_wconf 78' lang='lat' dir='ltr'><strong>tandem</strong></span> <span class='ocrx_word' id='word_1_395' title='bbox 543 4019 788 4088; x_wconf 78' lang='lat' dir='ltr'><strong>comites,</strong></span> <span class='ocrx_word' id='word_1_396' title='bbox 841 4018 1038 4072; x_wconf 82' lang='lat' dir='ltr'><strong>virtute</strong></span> <span class='ocrx_word' id='word_1_397' title='bbox 1081 4029 1263 4072; x_wconf 85' lang='lat' dir='ltr'><strong>eorum</strong></span> <span class='ocrx_word' id='word_1_398' title='bbox 1304 4015 1544 4086; x_wconf 88' lang='lat' dir='ltr'><strong>probata,</strong></span> <span class='ocrx_word' id='word_1_399' title='bbox 1588 4015 1643 4068; x_wconf 90' lang='lat' dir='ltr'><strong>in</strong></span> <span class='ocrx_word' id='word_1_400' title='bbox 1682 4015 1905 4081; x_wconf 87' lang='lat' dir='ltr'><strong>gratiam</strong></span> <span class='ocrx_word' id='word_1_401' title='bbox 1943 4013 2165 4082; x_wconf 82' lang='lat' dir='ltr'><strong>recapit,</strong></span> <span class='ocrx_word' id='word_1_402' title='bbox 2220 4015 2279 4067; x_wconf 86' lang='lat' dir='ltr'><strong>et</strong></span> 
     </span>
     <span class='ocr_line' id='line_1_43' title="bbox 76 4101 2278 4170; baseline -0.004 -9"><span class='ocrx_word' id='word_1_403' title='bbox 76 4117 302 4162; x_wconf 73' lang='lat' dir='ltr'><strong>sororem</strong></span> <span class='ocrx_word' id='word_1_404' title='bbox 340 4108 430 4161; x_wconf 86' lang='lat' dir='ltr'><strong>uni</strong></span> <span class='ocrx_word' id='word_1_405' title='bbox 472 4117 654 4161; x_wconf 83' lang='lat' dir='ltr'><strong>eorum</strong></span> <span class='ocrx_word' id='word_1_406' title='bbox 696 4107 751 4160; x_wconf 90' lang='lat' dir='ltr'><strong>in</strong></span> <span class='ocrx_word' id='word_1_407' title='bbox 793 4106 1183 4161; x_wconf 79' lang='lat' dir='ltr'><strong>matrimonium</strong></span> <span class='ocrx_word' id='word_1_408' title='bbox 1225 4105 1387 4161; x_wconf 87' lang='lat' dir='ltr'><strong>dedit.</strong></span> <span class='ocrx_word' id='word_1_409' title='bbox 1462 4102 1627 4170; x_wconf 85' lang='lat' dir='ltr'><strong>Quae,</strong></span> <span class='ocrx_word' id='word_1_410' title='bbox 1674 4101 1780 4156; x_wconf 87' lang='lat' dir='ltr'><strong>etsi</strong></span> <span class='ocrx_word' id='word_1_411' title='bbox 1820 4101 2180 4170; x_wconf 81' lang='lat' dir='ltr'><strong>magnitudine</strong></span> <span class='ocrx_word' id='word_1_412' title='bbox 2220 4103 2278 4155; x_wconf 91' lang='lat' dir='ltr'><strong>et</strong></span> 
     </span>
     <span class='ocr_line' id='line_1_44' title="bbox 77 4187 2277 4266; baseline -0.004 -16"><span class='ocrx_word' id='word_1_413' title='bbox 77 4195 318 4265; x_wconf 77' lang='lat' dir='ltr'><strong>gravitate</strong></span> <span class='ocrx_word' id='word_1_414' title='bbox 358 4193 570 4250; x_wconf 78' lang='lat' dir='ltr'><strong>ottonis</strong></span> <span class='ocrx_word' id='word_1_415' title='bbox 614 4194 848 4266; x_wconf 81' lang='lat' dir='ltr'><strong>indigna,</strong></span> <span class='ocrx_word' id='word_1_416' title='bbox 889 4191 1089 4264; x_wconf 84' lang='lat' dir='ltr'><strong>aliquid</strong></span> <span class='ocrx_word' id='word_1_417' title='bbox 1131 4208 1200 4249; x_wconf 85' lang='lat' dir='ltr'><strong>ex</strong></span> <span class='ocrx_word' id='word_1_418' title='bbox 1246 4207 1379 4249; x_wconf 81' lang='lat' dir='ltr'><strong>vero</strong></span> <span class='ocrx_word' id='word_1_419' title='bbox 1420 4189 1631 4246; x_wconf 85' lang='lat' dir='ltr'><strong>trabere</strong></span> <span class='ocrx_word' id='word_1_420' title='bbox 1669 4192 1912 4261; x_wconf 79' lang='lat' dir='ltr'><strong>possunt.</strong></span> <span class='ocrx_word' id='word_1_421' title='bbox 1982 4187 2277 4244; x_wconf 77' lang='lat' dir='ltr'><strong>Eberhardi</strong></span> 
     </span>
     <span class='ocr_line' id='line_1_45' title="bbox 76 4275 2276 4353; baseline -0.005 -13"><span class='ocrx_word' id='word_1_422' title='bbox 76 4281 302 4340; x_wconf 77' lang='lat' dir='ltr'><strong>simultas</strong></span> <span class='ocrx_word' id='word_1_423' title='bbox 338 4297 456 4338; x_wconf 85' lang='lat' dir='ltr'><strong>cum</strong></span> <span class='ocrx_word' id='word_1_424' title='bbox 495 4297 626 4353; x_wconf 85' lang='lat' dir='ltr'><strong>rege</strong></span> <span class='ocrx_word' id='word_1_425' title='bbox 667 4284 959 4339; x_wconf 80' lang='lat' dir='ltr'><strong>memoriae</strong></span> <span class='ocrx_word' id='word_1_426' title='bbox 993 4286 1328 4352; x_wconf 81' lang='lat' dir='ltr'><strong>posterorum</strong></span> <span class='ocrx_word' id='word_1_427' title='bbox 1365 4279 1556 4350; x_wconf 81' lang='lat' dir='ltr'><strong>haesit,</strong></span> <span class='ocrx_word' id='word_1_428' title='bbox 1592 4284 1649 4335; x_wconf 84' lang='lat' dir='ltr'><strong>et</strong></span> <span class='ocrx_word' id='word_1_429' title='bbox 1688 4292 1811 4333; x_wconf 85' lang='lat' dir='ltr'><strong>mox</strong></span> <span class='ocrx_word' id='word_1_430' title='bbox 1843 4275 2048 4334; x_wconf 76' lang='lat' dir='ltr'><strong>familia</strong></span> <span class='ocrx_word' id='word_1_431' title='bbox 2073 4278 2191 4343; x_wconf 78' lang='lat' dir='ltr'><strong>ejus</strong></span> <span class='ocrx_word' id='word_1_432' title='bbox 2220 4277 2276 4330; x_wconf 83' lang='lat' dir='ltr'><strong>in</strong></span> 
     </span>
     <span class='ocr_line' id='line_1_46' title="bbox 78 4367 2277 4482; baseline -0.005 -52"><span class='ocrx_word' id='word_1_433' title='bbox 78 4371 305 4430; x_wconf 77' lang='lat' dir='ltr'><strong>Conrado</strong></span> <span class='ocrx_word' id='word_1_434' title='bbox 329 4374 477 4441; x_wconf 85' lang='lat' dir='ltr'><strong>regia</strong></span> <span class='ocrx_word' id='word_1_435' title='bbox 501 4370 764 4429; x_wconf 68' lang='lat' dir='ltr'><strong>affinitate</strong></span> <span class='ocrx_word' id='word_1_436' title='bbox 789 4370 1050 4427; x_wconf 73' lang='lat' dir='ltr'><strong>boncma</strong></span> <span class='ocrx_word' id='word_1_437' title='bbox 1076 4375 1177 4426; x_wconf 88' lang='lat' dir='ltr'><strong>est.</strong></span> <span class='ocrx_word' id='word_1_438' title='bbox 1247 4368 1707 4428; x_wconf 77' lang='lat' dir='ltr'><strong>Ebcrsteinioram</strong></span> <span class='ocrx_word' id='word_1_439' title='bbox 1734 4367 1987 4482; x_wconf 74' lang='lat' dir='ltr'><strong>comitam</strong></span> <span class='ocrx_word' id='word_1_440' title='bbox 2012 4377 2143 4433; x_wconf 82' lang='lat' dir='ltr'><strong>gans</strong></span> <span class='ocrx_word' id='word_1_441' title='bbox 2168 4376 2277 4420; x_wconf 82' lang='lat' dir='ltr'><strong>non</strong></span> 
     </span>
    </p>
   </div>
   <div class='ocr_carea' id='block_1_5' title="bbox 81 4459 1132 4532">
    <p class='ocr_par' dir='ltr' id='par_1_6' title="bbox 81 4459 1132 4532">
     <span class='ocr_line' id='line_1_47' title="bbox 81 4459 1132 4532; baseline -0.002 -14"><span class='ocrx_word' id='word_1_442' title='bbox 81 4464 156 4519; x_wconf 84' lang='lat' dir='ltr'><strong>ita</strong></span> <span class='ocrx_word' id='word_1_443' title='bbox 190 4459 380 4532; x_wconf 75' lang='lat' dir='ltr'><strong>pridem</strong></span> <span class='ocrx_word' id='word_1_444' title='bbox 414 4475 464 4519; x_wconf 88' lang='lat' dir='ltr'><strong>a.</strong></span> <span class='ocrx_word' id='word_1_445' title='bbox 490 4460 556 4520; x_wconf 85' lang='lat' dir='ltr'><strong>D.</strong></span> <span class='ocrx_word' id='word_1_446' title='bbox 584 4460 739 4520; x_wconf 83' lang='grc'><strong>1660.</strong></span> <span class='ocrx_word' id='word_1_447' title='bbox 765 4461 1008 4520; x_wconf 77' lang='lat' dir='ltr'><strong>extincta</strong></span> <span class='ocrx_word' id='word_1_448' title='bbox 1029 4463 1132 4517; x_wconf 84' lang='lat' dir='ltr'><strong>est.</strong></span> 
     </span>
    </p>
   </div>
  </div>
 </body>
</html>
