2817 4959
517 302 602 370 10
1099 294 1637 365 ANNALES
1704 295 2161 363 IMPERII

278 478 344 548 Α.
363 475 503 546 877
519 472 855 549 praescribit,
876 472 938 531 in
964 470 1156 544 quibas
1184 470 1325 528 locis
1349 471 1642 529 venatione
1666 469 1941 528 abstinere
1968 468 2179 540 debeat,
2221 473 2278 527 et
2314 469 2602 527 Adulelmo
2647 483 2802 528 eo-

383 591 399 602 ·
513 564 629 621 miti
654 561 977 620 forestorum
1006 575 1134 618 cura
1160 559 1577 617 commendatur.
2799 580 2803 598 τ

660 652 744 709 18.
816 650 899 707 De
926 648 1217 706 honoribus
1264 648 1581 705 vacantibus
1612 647 1834 718 piacuit,
1877 651 1935 703 ut
1979 650 2355 718 expectaretur
2395 648 2802 717 imperator-is

517 742 815 811 sententia3
857 740 1071 797 interim
1105 738 1454 810 episcopatus
1481 736 1920 808 archiepiscopus
1948 748 2127 792 curam
2153 738 2321 807 gerat,
2366 735 2766 808 archiepisco-
2799 761 2802 797 ι

513 832 672 902 patus
699 830 908 885 vicinus
936 827 1128 899 aliquis
1156 829 1448 899 episcopus
1475 839 1596 881 cnm
1623 824 1852 895 quodam
1897 825 2119 888 comite3
2157 822 2406 881 abbatiae
2447 827 2766 897 episcop-
2800 857 2802 872 Α

514 917 855 989 dioeceseos,
890 915 1129 973 adhibito
1169 915 1380 970 comitis
1407 914 1626 970 auxilio.
1699 911 1908 969 Gemite
1942 910 2212 984 defuncto,
2239 912 2382 969 filius
2411 917 2550 985 ejus,
2575 913 2759 983 adju·
2801 945 2802 968 2

511 1011 675 1065 vante
703 1007 963 1077 episcopo
990 1008 1050 1061 et
1074 1002 1513 1059 ministerialibus
1554 1002 1851 1072 comitatus,
1885 999 2049 1058 rebus
2077 1003 2334 1073 praesint,
2380 1001 2554 1059 &nec
2579 1015 2646 1059 re
2671 1003 2757 1059 ud

512 1096 888 1166 imperatorem
915 1092 1110 1165 delata,
1134 1091 1393 1149 honorem
1421 1096 1698 1163 patenum
1726 1092 1971 1162 accipiat.
2043 1089 2247 1154 Quodsi
2273 1088 2416 1146 filius
2444 1091 2658 1146 comitis
2687 1092 2756 1148 in

511 1183 858 1254 expeditione
885 1183 974 1254 sit,
1002 1182 1231 1238 consilio
1267 1193 1546 1252 procerum
1575 1181 1942 1250 constituatur,
1978 1180 2052 1249 ut,
2079 1179 2173 1250 qui
2199 1180 2427 1234 maxime
2453 1179 2752 1249 propinqui
2801 1245 2802 1248 Ἴ

510 1270 915 1341 familiaresque
960 1270 1215 1327 defuncto
1259 1268 1475 1340 fuerint,
1520 1283 1640 1326 cum
1684 1270 1944 1341 episcopo
1993 1280 2172 1322 curam
2217 1269 2499 1323 comitans
2535 1274 2746 1340 gerant,

513 1360 689 1419 donec
713 1360 854 1417 tilius
881 1360 1216 1430 inperatoris
1237 1360 1396 1428 jussu
1423 1355 1734 1414 sufficiatur.
1805 1355 1952 1413 Idem
1987 1355 2081 1411 fiat
2118 1355 2183 1411 ad
2218 1358 2375 1424 jussa
2412 1368 2588 1426 usque
2633 1357 2744 1411 in-

512 1452 796 1520 peratoris,
833 1451 882 1505 si
908 1449 1077 1504 filium
1103 1446 1385 1504 defunctus
1413 1460 1522 1502 non
1548 1444 1842 1514 reliquerit.
1913 1443 2171 1501 Similiter
2194 1443 2262 1500 de
2301 1445 2532 1499 caeteris
2557 1445 2752 1502 vassis

508 1538 677 1607 regiis
702 1537 920 1609 placuit.
988 1535 1059 1592 Et
1074 1535 1218 1592 idem
1236 1536 1380 1592 tum
1363 1550 1421 1593 in
1437 1535 1622 1606 primis
1644 1532 2101 1591 Curisiaceusibus
2120 1530 2390 1604 capitulis,
2412 1535 2528 1589 tum
2547 1533 2606 1590 in
2630 1547 2748 1590 no·

509 1626 750 1682 vissimis
779 1630 1016 1681 caretur.

654 1713 739 1771 19.
809 1712 893 1769 Ex
928 1712 1016 1768 his
1056 1711 1424 1782 intelligimus,
1454 1713 1568 1782 jam
1606 1713 1720 1768 tum
1757 1713 1816 1767 in
1854 1724 2058 1768 morem
2080 1709 2174 1767 vel
2196 1712 2287 1780 jus
2314 1709 2515 1783 abisse,
2550 1716 2610 1766 ut
2636 1708 2746 1768 filii

513 1803 764 1859 comitum
808 1804 1250 1871 caeterorumque
1291 1799 1618 1857 vasallorum
1656 1802 1713 1857 in
1752 1803 2009 1870 paternos
2049 1798 2284 1855 honores
2312 1801 2746 1867 surrogat-entur.

510 1891 702 1962 Neque
727 1891 871 1948 enim
894 1904 1038 1947 nova
1059 1896 1188 1946 tuac
1205 1893 1330 1960 jura
1356 1889 1570 1945 condita
1588 1888 1876 1960 putandum
1893 1893 2008 1955 est;
2039 1901 2338 1959 quanquam
2359 1887 2591 1944 fortasse
2609 1891 2747 1945 tunc

511 1981 738 2052 primum
767 1991 883 2035 mos
910 1981 969 2034 in
997 1979 1312 2050 scripturam
1337 1979 1624 2034 transierit.
1695 1976 1834 2033 Illud
1861 1980 1915 2032 in
1945 1975 2213 2033 cumulum
2241 1975 2463 2048 additur,
2490 1978 2551 2033 ut
2573 1979 2744 2034 etia-

512 2070 570 2124 in
595 2071 872 2138 posterum
899 2079 963 2122 se
990 2067 1232 2137 quamvis
1260 2065 1532 2136 defuncto,
1577 2066 1628 2121 si
1655 2066 1776 2135 quis
1804 2078 2083 2122 vassorum
2108 2066 2374 2135 regiorum
2401 2066 2542 2121 curis
2566 2079 2746 2136 secu-3

510 2154 715 2212 laribus
742 2155 1051 2212 renuntiare
1076 2154 1225 2225 velit,
1253 2152 1383 2223 filio,
1411 2157 1504 2210 aut
1531 2155 1694 2209 etiam
1718 2158 2033 2226 propinquo,
2057 2154 2293 2211 honores
2320 2167 2451 2210 suos
2478 2154 2744 2224 placitare

510 2245 706 2316 pessit.
774 2242 1036 2298 Placitare
1075 2243 1398 2312 interpretor
1438 2241 1638 2312 placito
1681 2240 1898 2312 publico
1936 2241 2194 2298 obtinere.
2265 2241 2349 2314 Et,
2389 2245 2439 2298 si
2473 2245 2529 2299 h
2553 2242 2742 2300 alodio

508 2347 610 2389 suo
633 2333 818 2403 quiete
841 2331 1031 2386 vivere
1056 2330 1204 2403 velit,
1239 2330 1344 2385 hoc
1368 2333 1587 2387 nemine
1614 2329 1866 2388 obstante
1883 2333 2073 2403 possit,
2098 2330 2247 2387 nulia
2264 2331 2371 2387 alia
2389 2330 2744 2404 obligatione,

511 2434 668 2491 qnam
696 2420 765 2475 ad
791 2418 1178 2491 expeditiones,
1222 2433 1359 2489 quae
1399 2433 1495 2490 pro
1542 2421 1747 2491 patriae
1788 2418 1956 2476 tutela
2003 2421 2378 2491 suscipientur.
2451 2419 2742 2478 Caeterum

507 2509 798 2581 imperator
835 2506 1002 2563 filium
1051 2521 1205 2564 suum
1250 2512 1490 2578 paratum
1535 2522 1664 2566 esse
1700 2509 1874 2580 jubet,
1917 2513 1976 2565 ut
2019 2521 2086 2565 se
2124 2523 2349 2566 reverso
2393 2507 2610 2565 Romam
2651 2511 2742 2567 ire

509 2600 703 2672 possit,
730 2596 1023 2653 sumendae
1055 2609 1285 2652 coronae
1313 2599 1497 2664 regiae
1540 2597 1879 2666 tuendaeque
1928 2597 2204 2654 ecclesiae
2244 2610 2440 2663 causa3
2485 2596 2741 2672 Letharii,

512 2685 693 2759 credo,
721 2686 930 2755 augusti
957 2683 1260 2755 exemplum
1285 2685 1599 2756 imitaturus,
1647 2688 1739 2755 qui
1773 2684 1938 2742 filium
1964 2685 2291 2743 Ludovicum
2317 2687 2373 2742 in
2399 2685 2604 2742 ltaliam
2630 2690 2743 2743 mi·-

513 2778 677 2841 serat,
723 2780 780 2830 et
814 2785 999 2844 regem
1038 2776 1281 2845 primum,
1324 2788 1391 2829 ac
1430 2774 1627 2831 deinde
1667 2777 1946 2844 augustum
1985 2773 2302 2846 appellarat.
2377 2773 2453 2831 Se
2502 2789 2625 2832 mox
2677 2779 2742 2836 in

509 2863 723 2921 Italiam
765 2865 922 2934 sequi
963 2860 1123 2930 jubet
1164 2860 1524 2919 willibertum
1569 2864 1883 2934 episcopum
1928 2860 2387 2934 Catalamensem,
2441 2861 2739 2922 Araoldun

509 2951 832 3022 Tullensem,
860 2950 1070 3008 Walam
1096 2950 1641 3008 Autissiodorensem.

653 3041 738 3096 20.
810 3039 1098 3095 Praeterea
1123 3039 1413 3108 imperator
1456 3053 1565 3096 non
1599 3039 1928 3110 aspernabili
1946 3038 2243 3111 prudentia,
2268 3039 2423 3110 quasi
2438 3052 2735 3111 praesagus

511 3128 694 3197 futuri,
720 3128 778 3183 in
802 3129 991 3182 mortis
1018 3137 1153 3183 suae
1179 3140 1363 3182 casum
1388 3140 1481 3183 res
1509 3130 1814 3194 constitum
1858 3132 1919 3183 ut
1959 3128 2252 3197 capitulare
2277 3141 2535 3199 praesens
2557 3130 2615 3185 in
2643 3134 2738 3185 te-

512 3218 767 3272 stamenti
787 3216 967 3271 ricem
994 3214 1168 3284 accipi
1195 3217 1384 3284 possit.
1455 3211 1634 3283 Jubet,
1660 3219 1719 3271 ut
1745 3213 1885 3271 filius
1902 3229 2174 3272 novercae
2191 3219 2732 3286 augustae‘concessa

512 3302 791 3361 confirmet
836 3307 1142 3373 servetque.
1216 3302 1475 3359 Similiter
1503 3301 1715 3360 filiabus
1760 3309 1818 3360 et
1841 3302 2047 3361 filiolae
2072 3307 2244 3377 cavet,
2289 3312 2347 3363 et
2371 3306 2505 3364 bane
2529 3305 2644 3361 vult
2667 3308 2734 3364 in

513 3395 696 3450 matris
721 3395 993 3465 potestate
1033 3392 1266 3463 educari,
1298 3405 1406 3449 nec
1443 3393 1661 3449 invitam
1703 3394 1762 3449 in
1785 3394 2164 3452 monasterium
2191 3396 2348 3451 trudi.
2417 3393 2562 3454 llaec
2587 3392 2738 3453 filius

513 3484 573 3536 et
596 3481 812 3537 ordines
838 3483 989 3550 regni
1017 3480 1379 3554 comprobant.
1449 3480 1533 3537 De
1557 3480 1762 3538 relictis
1790 3480 2164 3552 eioemosyim
2182 3482 2478 3555 darijubet,
2505 3497 2740 3556 eamque

511 3584 692 3627 euram
719 3570 1057 3641 praesulibus
1084 3570 1388 3643 Hincmaro,
1415 3570 1690 3643 Frueoni,
1717 3570 1909 3644 odoni,
1935 3570 2117 3628 abbati
2144 3570 2420 3643 Gauzlino,
2449 3571 2738 3630 comitibus

510 3658 758 3730 Aruulfo,
801 3658 1089 3733 Bernardo,
1135 3657 1398 3732 Conrado,
1441 3660 1723 3717 Adulelmo
1771 3661 2067 3718 committit.
2154 3658 2346 3716 Libros
2392 3662 2446 3716 in
2482 3661 2738 3719 tboeauro

513 3761 615 3804 sue
651 3750 939 3820 repositos,
982 3750 1125 3806 inter
1176 3748 1442 3806 ecclesias
1487 3748 1541 3806 S.
1569 3747 1812 3820 Dionysii
1850 3761 2019 3820 prope
2063 3749 2298 3807 Parisios
2342 3752 2400 3805 et
2435 3750 2490 3806 S.
2535 3750 2743 3810 Mariae

514 3834 976 3908 compendiensis,
1021 3843 1077 3896 et
1117 3837 1281 3894 filium
1328 3852 1485 3902 suum
1528 3837 1694 3895 dividi
1738 3840 2026 3894 constituit.
2116 3837 2253 3894 Huic
2297 3829 2586 3895 conventui
2626 3853 2740 3898 nen

512 3925 735 3982 affuisse
773 3926 1042 3983 Bosonem
1077 3932 1134 3984 et
1160 3927 1440 3998 flego-em
1467 3925 1733 3998 abbatem,
1761 3931 1817 3984 et
1842 3927 2166 3984 Bernardum
2193 3929 2447 3983 comitum
2473 3928 2740 3985 Arverni·-

513 4028 653 4086 (ιιι,
680 4027 749 4070 ex
775 4014 1007 4085 epistola
1033 4015 1299 4072 Hinernari
1327 4030 1452 4072 mox
1479 4015 1550 4071 ad
1572 4014 1896 4072 Ludovicum
1922 4016 2047 4073 data
2072 4021 2311 4088 apparet.
2496 4049 2500 4053 >

655 4102 743 4160 21.
813 4097 1087 4160 carisiaco
1133 4103 1514 4175 compendium
1563 4106 1866 4178 imperator,
1907 4108 2020 4162 tum
2047 4120 2146 4179 per
2185 4104 2512 4163 Suessiones
2541 4106 2738 4166 Remos

511 4191 678 4261 adiit;
721 4190 848 4249 inde
876 4190 1198 4249 Catalaunos
1225 4192 1601 4264 Lingonesque
1647 4208 1913 4265 emensus,
1959 4210 2081 4252 cum
2121 4209 2290 4252 uxore
2319 4200 2375 4252 et
2401 4210 2591 4264 magna
2615 4198 2737 4250 auri

513 4281 836 4352 argentique
868 4283 943 4350 vi,
981 4280 1189 4338 Italiam
1228 4283 1400 4354 petiit.
1474 4282 1619 4339 Inter
1637 4281 1817 4340 Juram
1855 4288 1915 4340 et
1939 4283 2108 4354 Alpes
2138 4285 2206 4342 ad
2231 4283 2425 4341 Urbem
2451 4283 2738 4340 Helvetio-

513 4381 630 4425 rum
655 4368 972 4438 adalgarius
1001 4373 1247 4443 occurrit,
1286 4372 1377 4442 qui
1413 4372 1608 4442 synodi
1632 4386 1869 4444 nuperae
1896 4372 2169 4430 decretum
2197 4373 2266 4430 de
2299 4371 2594 4429 stabilitate
2626 4374 2736 4428 im-

515 4458 654 4527 perii
680 4455 907 4530 ferebat,
932 4461 1225 4530 expetitum
1250 4461 1500 4533 principi,
1524 4462 1778 4533 speciosa
1819 4464 1988 4535 magis
2027 4477 2188 4536 quam
2211 4462 2364 4522 firma
2387 4463 2634 4534 sectanti,
2679 4468 2740 4519 et
