2817 4959
558 378 1091 451 ANNALE‘S
1165 384 1626 454 IMPERII
2077 389 2198 459 531

61 555 207 609 erto
236 550 381 609 filiis
418 551 671 611 Friderici
711 557 869 613 villas
910 558 1165 629 quasdam
1207 560 1274 615 ad
1313 558 1509 616 flumen
1541 559 1759 633 Feriam,
1798 562 1856 618 in
1880 574 2020 632 pago
2048 562 2201 620 Seri-
2229 563 2297 634 Δ,
2320 564 2459 637 945.

62 641 327 698 i-land
383 643 441 697 in
481 645 735 700 comitatu
775 645 1079 704 Christiani.
1185 646 1381 704 Gen-oni
1421 650 1679 720 quaedam
1723 648 1794 705 ol>
1834 650 1977 709 hene
2018 656 2208 709 merita

88 735 259 802 sunt,
305 729 657 803 scribuntque
683 733 997 803 sigebertus
1025 732 1433 793 Gemblacensis
1461 742 1518 793 et
1543 737 1841 809 Alhericus,
1884 739 2076 795 slavos
2103 739 2209 797 hoc

61 836 77 874 t
117 818 197 874 ab
232 831 307 874 eo
336 821 512 876 victos
542 824 599 881 et
626 820 946 878 debellatos.
1018 821 1128 876 Eos
1157 823 1416 896 intelligo,
1459 827 1550 895 qui
1586 824 1749 882 hodie
1774 826 1988 884 Lusacii
2015 828 2208 899 appel-

61 922 159 961 ur:
211 905 487 964 Cassellis
530 909 854 978 (Bassorum
883 910 1130 983 castello,
1171 916 1230 968 ut
1258 914 1482 984 opinor)
1522 914 1576 968 in
1620 920 1887 971 conventu
1929 929 2209 987 procerum

61 998 200 1051 nter
231 994 620 1053 Herimanuum
649 1002 706 1055 et
723 998 1020 1055 Com-adum
1041 998 1222 1072 duces,
1248 1006 1524 1071 cognatoS,
1552 1006 1611 1057 ut
1638 1005 1845 1074 opinor,
1871 1005 2209 1074 imperatoris

61 1085 257 1139 tritate
282 1090 567 1155 composta
585 1089 685 1157 est,
713 1086 790 1142 ihi
818 1086 979 1143 etiam
1008 1087 1313 1144 confirmata
1333 1088 1637 1147 Christiano
1658 1092 1838 1147 comiti
1859 1093 2075 1148 donatio
2103 1097 2207 1165 est,

61 1186 114 1229 ra
144 1177 476 1244 memorata,
512 1175 655 1244 quod
685 1186 756 1230 ex
782 1177 1137 1232 monumentis
1165 1176 1306 1232 haud
1335 1177 1499 1234 dubie
1523 1181 1731 1235 notavit
1754 1179 2020 1236 annalista
2047 1180 2208 1251 Saxo,

61 1276 114 1317 ιι
144 1263 210 1316 in
239 1260 691 1319 Halberstadensi
718 1264 960 1320 dioecesi
991 1266 1284 1335 scripsisse
1311 1269 1572 1335 suspicor.

96 1350 155 1405 3.
259 1348 544 1406 Bertoldus
584 1350 690 1406 dux
729 1351 985 1409 Bavariae
1025 1351 1175 1426 obiit,
1228 1355 1287 1409 in
1324 1353 1595 1411 Altaichio
1634 1355 1891 1413 inferiore
1931 1356 2212 1426 Baioariae

61 1439 303 1493 tasterio
334 1438 595 1510 sepultus,
624 1444 809 1497 autore
838 1441 1121 1499 Aventino.
1201 1441 1472 1499 Promissa
1500 1445 1554 1499 ei
1582 1442 1756 1499 fuerat
1782 1443 1891 1501 filia
1917 1441 2211 1501 Giselberti

61 1528 111 1582 is
135 1540 213 1583 ex
233 1524 508 1594 Gerberga
527 1540 716 1584 sorore
734 1528 962 1601 ottonis,
991 1531 1089 1587 sed
1111 1545 1180 1587 an
1207 1546 1305 1603 per
1333 1535 1566 1588 aetatem
1585 1533 1805 1601 virginis
1824 1535 2210 1589 matrimonium

61 1616 583 1671 consummationem
612 1618 932 1690 pervenerit,
959 1616 1049 1673 din
1073 1617 1324 1675 dubitavi.
1381 1619 1443 1675 ld
1470 1624 1650 1677 tamen
1680 1618 1876 1678 factum
1892 1622 2009 1677 vult
2025 1621 2212 1678 Aven-

61 1716 120 1775 ιε,
166 1717 335 1773 quem
363 1702 656 1759 veridicum
696 1706 910 1760 tandem
951 1706 1296 1775 deprehendi.
1368 1707 1613 1765 Hundius
1651 1709 1961 1766 Bruschium
1989 1713 2210 1765 secutus

61 1790 331 1847 llitrndem
378 1791 630 1862 appellat,
690 1806 830 1862 quae
874 1793 1150 1861 Bergense
1204 1798 1586 1852 monasterium
1639 1797 1948 1854 monialium
1994 1796 2212 1853 dimidia

61 1894 121 1935 ca
152 1895 189 1935 a
217 1878 509 1949 Nenhurgo
548 1877 863 1935 Danubiauo
900 1895 947 1935 a.
978 1879 1040 1937 D.
1069 1881 1187 1939 976.
1220 1881 1466 1955 fundarit,
1514 1886 1888 1940 consentiente
1916 1883 2116 1941 ottone
2140 1883 2210 1940 11.

62 1967 177 2026 lem
225 1967 443 2023 tabulae
483 1967 734 2035 adjectae
774 1965 1020 2040 fuissent,
1062 1975 1120 2026 ut
1147 1975 1436 2041 constaret,
1477 1985 1546 2027 an
1575 1971 1813 2027 Bertoldl
1840 1972 1992 2028 ducis
2019 1970 2210 2028 relicta

61 2058 143 2111 rit.
225 2055 359 2111 Nam
388 2053 674 2111 Bruschins
702 2055 885 2124 variat,
916 2054 1121 2113 fatente
1150 2057 1374 2132 Hundio,
1403 2062 1462 2116 et
1489 2059 1596 2114 alio
1625 2058 1750 2114 loco
1779 2059 1968 2116 Gutam
1995 2059 2210 2116 viduam

61 2143 215 2199 :toldi
256 2146 466 2200 comitis
509 2144 576 2201 de
617 2143 952 2200 Lechsmund
994 2144 1342 2202 fimdatricem
1382 2147 1603 2203 inducit.
1674 2146 1820 2203 Sane
1852 2161 1962 2204 non
1999 2148 2208 2219 desunt,

87 2230 392 2288 Giselberti
419 2236 477 2290 et
504 2231 808 2301 Gerbergae
835 2232 997 2289 filiam
1025 2232 1348 2304 Gerhergam
1371 2240 1583 2306 vocant,
1615 2239 1671 2291 et
1697 2240 1890 2306 postea
1915 2233 2208 2293 Adelberto

61 2320 352 2376 romanduo
389 2320 661 2377 Heriberti
687 2320 752 2376 11.
790 2320 900 2375 filio
936 2324 1153 2393 nuptam
1189 2323 1392 2379 volunt.
1465 2324 1546 2379 Ita
1576 2324 1880 2395 BuccetinS,
1916 2326 2007 2395 qui
2035 2324 2208 2379 mariti

61 2410 244 2464 uxoris
287 2408 495 2464 chartas
537 2421 824 2481 superesse
866 2407 1067 2465 scribit.
1139 2409 1287 2467 Haec
1324 2426 1454 2479 ergo
1482 2411 1807 2467 discussioni
1845 2411 2090 2482 ampliori
2115 2423 2208 2468 re·

61 2512 180 2569 quo.
252 2496 317 2553 Et
344 2499 516 2569 potuit
538 2500 663 2567 post
688 2496 927 2553 Bertoldi
955 2503 1178 2554 mortem
1210 2513 1276 2555 ex
1303 2500 1549 2569 Bajoaria
1577 2500 1644 2555 ad
1669 2499 2051 2556 Letharienses
2077 2499 2209 2556 red-

61 2600 130 2643 te:
164 2586 273 2641 nisi
292 2587 409 2655 quis
436 2585 617 2656 plures
637 2584 943 2641 Giselberto
972 2586 1109 2641 filias
1131 2587 1340 2657 tribuat,
1368 2588 1638 2643 historicis
1657 2588 1931 2645 veteribus
1961 2588 2206 2645 indictas.

61 2690 113 2732 te
155 2678 216 2729 et
246 2673 531 2730 Albi-adam
573 2673 881 2743 Gerhergae
921 2672 1083 2729 filiam
1126 2673 1219 2729 alii
1254 2687 1323 2730 ex
1358 2674 1632 2731 Ludovico
1660 2673 2032 2730 'transmarino
2058 2689 2206 2745 rege,

61 2764 70 2818 i
92 2778 167 2820 ex
197 2765 375 2833 priore
401 2764 589 2818 marito
610 2760 913 2817 Giselberto
940 2763 1118 2816 natam
1137 2761 1337 2833 volunt,
1365 2761 1435 2818 de
1456 2776 1560 2834 qno
1581 2763 1820 2818 dicemus
1849 2761 1916 2818 ad
1941 2776 1987 2818 a.
2005 2761 2068 2819 D.
2082 2761 2205 2818 954.

61 2857 262 2909 aterum
302 2855 356 2908 in
392 2863 677 2922 progressu
705 2848 1074 2905 historicarum
1102 2850 1533 2920 disquisitionum
1561 2863 1630 2905 eo
1659 2849 1872 2905 tandem
1900 2850 2109 2922 deveni,
2146 2855 2207 2906 nt

61 2954 85 2996 n
109 2944 313 2996 tantum
341 2939 729 2996 matrimonium
759 2938 955 2993 exitum
995 2936 1250 2993 hahuisse
1288 2937 1531 3010 arbitrer,
1572 2937 1669 2993 sed
1698 2940 1860 2994 etiam
1887 2936 2052 2994 filium
2079 2937 2207 2994 inde

61 3032 177 3100 tum,
219 3029 273 3084 in
311 3027 557 3096 Bajoaria
595 3030 889 3097 potentem,
936 3027 1025 3095 qni
1065 3029 1337 3095 postremo
1365 3026 1433 3083 ad
1463 3025 1710 3083 ducatum
1737 3028 1999 3095 pervenit.
2070 3025 2205 3083 Eum

61 3117 121 3172 im
150 3121 278 3187 puto
303 3114 472 3171 fuisse
502 3115 802 3187 Henricum,
832 3116 921 3185 qui
939 3115 1110 3170 Minor
1132 3114 1448 3187 appellatur,
1471 3118 1667 3186 aetate,
1696 3116 1883 3171 sicum
1903 3114 2114 3172 ottonis
2133 3113 2203 3173 Μ.

61 3210 146 3262 [tre
176 3205 402 3260 ilenrico
432 3216 824 3276 comparemus;
853 3205 1154 3273 autoritate,
1184 3204 1231 3258 si
1262 3216 1379 3259 cum
1408 3202 1520 3259 filio
1546 3203 1703 3273 liujus
1729 3203 1963 3260 Heni-ico
1982 3204 2048 3260 Π.
2102 3203 2206 3268 Qui

61 3296 245 3350 tuticus
273 3291 444 3350 Minor
466 3294 609 3349 idem
635 3292 825 3349 Hecilo
854 3298 910 3347 et
937 3291 1173 3346 Bertoldi
1212 3291 1354 3346 filius
1381 3290 1617 3349 Ditm'aro
1647 3293 1853 3364 dicitur,
1898 3291 2085 3349 Ottoni
2111 3292 2207 3349 m.

74 3380 261 3438 tabulis
287 3394 473 3453 nepos,
500 3381 554 3436 id
582 3385 668 3436 est
697 3383 1015 3450 cognatione
1042 3380 1398 3451 propinquus3
1448 3382 1600 3436 erant
1627 3382 1768 3437 enim
1795 3380 1892 3436 filii
1921 3380 2206 3438 consobri-

61 3484 187 3541 ·rum,
215 3470 334 3541 quia
354 3467 481 3525 Otto
502 3468 725 3539 Magnus
754 3482 886 3524 avus
912 3472 1166 3539 patemus
1196 3469 1407 3524 ottonis
1436 3466 1530 3524 111.
1558 3469 1614 3524 et
1640 3467 1912 3540 Gerberga
1939 3470 2060 3525 avia
2085 3482 2206 3524 ma-

61 3572 139 3615 ma
170 3557 440 3613 Hecilonis
476 3555 642 3614 frater
667 3561 722 3613 et
748 3570 902 3612 soror
928 3556 1097 3613 fuere.
1156 3556 1309 3612 Nunc
1334 3558 1624 3626 praeterito
1651 3554 1855 3613 infante
1882 3555 1996 3611 filio
2023 3553 2204 3611 fratris

61 3647 219 3719 inuris,
256 3659 445 3716 nempe
486 3645 740 3717 Bertoldi,
783 3645 1007 3702 ducatus
1034 3645 1188 3702 datus
1218 3649 1304 3703 est
1344 3643 1490 3700 tiliae
1518 3643 1695 3700 fratris
1730 3646 1966 3715 majoris,
2008 3656 2205 3713 nempe

61 3734 204 3806 mulsi,
228 3734 313 3790 vel
340 3734 520 3804 potius
549 3735 669 3801 ejus
696 3735 904 3789 marito.

130 3824 179 3876 4.
246 3820 368 3878 Otto
394 3822 646 3892 precibus
674 3825 856 3878 matris
874 3822 1064 3892 victus,
1083 3820 1315 3878 Henrico
1345 3818 1494 3876 hatti
1510 3818 1792 3891 ladissaum,
1814 3818 2014 3876 Amulli
2034 3831 2205 3891 nuper

61 3911 144 3965 icis
170 3908 334 3984 filiam,
361 3910 595 3966 Bertoldi
622 3915 856 3981 neptem,
886 3908 1155 3980 conciliat,
1197 3909 1359 3979 eique
1393 3909 1649 3966 Bavariae
1691 3908 1939 3964 ducatum
1976 3908 2201 3967 confert.

61 4003 198 4055 ctum
221 4001 436 4070 primum
463 3999 687 4055 Bavaria
714 3998 813 4055 sub
841 4009 969 4068 rege
995 3998 1206 4054 alienae
1234 3998 1420 4068 stirpis
1448 3998 1741 4069 principem
1768 3995 1913 4063 tulit;
1944 3995 2203 4054 hactenus

61 4086 136 4142 iim
162 4091 247 4143 aut
269 4102 300 4143 a
323 4088 454 4160 suis,
494 4092 586 4144 aut
613 4103 645 4143 a
671 4085 887 4158 regibus
914 4084 1216 4157 Carolingis
1251 4083 1545 4157 gubernata
1575 4087 1673 4141 est.
1744 4083 2011 4165 {editham
2038 4084 2202 4142 witl-

62 4174 181 4231 ndns
205 4180 353 4232 vocat
390 4176 681 4233 foeminam
720 4176 969 4247 egregiae
997 4173 1202 4232 formae
1230 4176 1505 4245 miraeque
1532 4172 1863 4244 prudentiae.
1939 4173 2202 4229 Heuricns

62 4262 154 4320 iam
181 4277 243 4321 ex
269 4278 330 4321 eo
354 4265 469 4335 regi
498 4265 633 4321 lidus
661 4267 869 4338 mansit,
898 4264 997 4322 sed
1025 4263 1218 4321 fratres
1236 4261 1488 4320 JudIthae
1513 4266 1662 4319 tanta
1689 4262 1947 4333 dignitate
1975 4258 2204 4332 depulsi,

61 4349 183 4409 alnus
206 4358 379 4423 tegere
415 4368 526 4412 non
566 4358 807 4425 potuere,
850 4367 916 4411 ex
942 4351 1137 4425 qulbus
1162 4349 1418 4408 ArnuHus
1442 4354 1637 4424 postea
1662 4348 1889 4408 Ludoll'o
1917 4350 2061 4416 regis
2089 4346 2202 4403 filio

61 4438 378 4512 ipellendum
418 4447 660 4513 patruum
701 4441 901 4501 auxilio
932 4440 1049 4498 fuit.
1118 4440 1249 4513 Rex,
1277 4440 1440 4497 rebus
1475 4443 1530 4498 in
1558 4438 1842 4497 Germania
1869 4436 2201 4507 compositis,

61 4523 226 4587 henum
261 4531 478 4602 transiit,
520 4533 575 4588 et
600 4533 658 4588 in
685 4530 918 4588 Letharii
955 4543 1177 4599 reguum
1217 4528 1493 4603 profectus
1520 4534 1622 4600 est,
1664 4542 1785 4584 cum
1823 4525 2201 4593 intellexisset,

1644 4635 1783 4703 34·
