2817 4959
647 295 1179 363 ANNALES
1250 295 1710 363 IMPERII
2147 297 2277 371 493

35 471 187 526 anti
216 484 259 526 a
294 476 445 541 tergo
473 477 745 543 nocerent,
785 474 908 543 ipse
933 473 1042 528 etsi
1068 470 1211 528 doiai
1232 471 1359 544 plus
1387 473 1522 529 satis
1549 470 1790 543 baberet,
1829 470 1969 541 qued
1997 472 2195 545 ageret,
2221 472 2277 529 in
2305 472 2376 542 Α.
2389 470 2529 541 un.

35 559 410 615 oei-ariense
436 574 657 627 regnum
685 562 874 617 iterum
900 563 1155 633 irrumpit.
1221 561 1432 617 Excivit
1453 560 1701 618 Ottonem
1732 574 1799 616 ea
1825 563 2115 632 temeritas,
2136 564 2284 629 Jam-

35 660 123 703 ιιο
178 653 461 716 vergente
500 649 629 704 licet
668 664 806 704 auno
852 649 1089 709 Rhenum
1126 652 1424 722 transierat,
1465 666 1582 707 cum
1608 650 1886 719 utriusque
1913 662 2164 719 proceres
2193 651 2284 706 in·-

35 738 229 793 ucias
265 750 657 807 procuraver03
686 752 817 807 quas
844 739 965 808 ipsa
991 741 1150 794 etiam
1170 741 1295 794 anni
1320 744 1616 811 tempestas
1645 737 1896 794 faciebat.
1948 737 2282 795 Frodoardas

35 827 350 881 monicus
378 825 657 881 Remensis
685 828 752 882 ad
779 826 833 880 S.
858 826 1137 882 Martinam
1167 827 1527 884 Turonensem
1567 827 1821 883 orationis
1851 840 2015 882 causa
2041 829 2130 895 (ut
2157 828 2281 896 ipse

35 918 123 984 it)
170 912 549 985 profecturus,
590 913 655 969 ab
686 913 968 971 floriberto
999 917 1195 971 comite
1220 916 1469 973 detentas
1499 919 1595 986 est,
1627 917 1719 970 cui
1748 917 2127 982 suggesserant
2154 917 2279 984 qui-

35 1019 173 1075 am,
208 1008 503 1074 praetextu
530 1005 734 1059 itineris
762 1006 936 1059 sumto
960 1006 1019 1058 in
1047 1002 1213 1059 filium
1240 1008 1359 1074 ejus
1379 1006 1672 1074 nugonem,
1693 1003 2146 1075 archiepiscopali
2168 1007 2278 1072 jam

35 1094 171 1149 ede
208 1094 459 1161 potitum,
500 1091 699 1161 aliquid
730 1094 900 1160 coqui.
974 1092 1055 1147 lta
1085 1098 1272 1149 exutus
1301 1093 1691 1149 ecclesiasticis
1726 1092 2001 1163 reditibuS‚
2044 1096 2281 1162 quinque

35 1195 274 1238 nenses
295 1182 351 1237 in
369 1181 614 1236 custodia
634 1181 756 1249 egit.
816 1180 1030 1237 Fatetur
1046 1183 1102 1236 in
1121 1182 1373 1239 chronico
1388 1185 1420 1221 *
1435 1182 1706 1252 Remeusi,
1725 1181 1967 1239 noluisse
1987 1194 2049 1237 se
2067 1183 2276 1251 liugoni

38 1285 184 1325 ovo
217 1268 461 1339 praesuli
494 1268 650 1325 tidem
680 1269 821 1340 dare,
850 1270 989 1339 quod
1018 1273 1196 1326 omnia
1223 1271 1395 1327 adhuc
1422 1272 1479 1325 in
1507 1273 1711 1326 incerto
1741 1272 1940 1326 essent.
1998 1269 2278 1326 Liberatus

42 1359 251 1414 einde
284 1372 402 1413 cum
430 1371 497 1412 eo
525 1357 872 1413 suessionem
901 1359 1176 1428 proiectus
1196 1364 1291 1415 est
1318 1358 1385 1415 ad
1414 1359 1670 1428 synodum
1700 1361 1823 1415 anni
1851 1360 2145 1428 sequentis.

189 1447 289 1502 10.
359 1440 658 1501 Ludovi'cus
685 1444 990 1503 Laudunum
1018 1460 1282 1519 reversus,
1322 1450 1530 1516 ingrato
1557 1449 1740 1503 nuntio
1771 1450 1908 1502 ictus
1939 1451 2042 1503 est.
2110 1446 2277 1503 Sexto

35 1537 155 1592 Kal.
176 1537 323 1591 Nov.
344 1536 475 1590 obiit
493 1532 815 1590 Adelstanus
840 1550 937 1591 rex
963 1535 1264 1607 Auginum,
1292 1550 1451 1606 quem
1477 1535 1967 1592 Malmesburiensis
1994 1534 2280 1590 historicus

35 1628 103 1681 nt
156 1638 358 1694 parum
401 1625 580 1693 aetati,
623 1622 842 1679 multum
883 1624 1085 1691 gloriae
1127 1625 1348 1679 vixisse.
1420 1623 1746 1694 scripturam
1783 1638 1986 1681 sacram
2029 1622 2282 1681 adhibitis

35 1713 302 1769 ‘ontibus
321 1713 376 1766 in
395 1711 627 1781 linguam
649 1710 1121 1779 anglo-Saxonum
1140 1715 1275 1767 verti
1297 1726 1531 1782 curasse,
1559 1713 1700 1769 idem
1728 1712 2282 1782 memoriaeprodidit.

35 1803 340 1859 successit
381 1798 545 1857 frater
581 1800 904 1870 Edmundus‚
951 1800 1249 1869 quistatim
1276 1800 1543 1868 ‘Altgivam
1571 1800 1737 1869 duxit,
1777 1814 1846 1856 ex
1873 1815 1977 1870 qua
2002 1800 2282 1857 Edwinum

35 1896 85 1948 et
119 1890 403 1958 Edgarum
442 1890 669 1960 sustulit,
711 1903 933 1959 quorum
976 1889 1245 1956 posterior
1270 1901 1339 1943 ex
1366 1887 1650 1944 intervallo
1680 1890 1959 1944 successit.
2033 1886 2164 1942 Cum
2190 1888 2282 1941 vix

35 1981 323 2037 decimum
343 1981 588 2033 octavum
608 1979 800 2031 aetatis
828 1990 1021 2031 annum
1048 1974 1354 2031 Edmundus
1384 1978 1670 2046 attigisset,
1699 1975 1834 2031 Dani
1859 1975 2281 2033 Nerthumbriam

35 2070 313 2126 tenentes
346 2063 849 2135 jugumanglorum
885 2065 1174 2143 excutiunt,
1215 2063 1464 2120 tributum
1493 2066 1804 2134 detrectant,
1842 2064 2108 2132 Anlafum,
2139 2063 2281 2118 mal-

35 2161 229 2213 tamna
256 2154 545 2209 insularum
586 2168 768 2222 regem
800 2165 1085 2223 paganum,
1126 2151 1464 2209 Constantini
1498 2157 1674 2208 tamen
1702 2152 1984 2208 Scotorum
2009 2153 2152 2220 regis
2182 2165 2286 2219 ge-

35 2257 264 2313 nerum,
305 2255 460 2312 quem
508 2247 632 2297 ante
674 2242 954 2299 triennium
995 2243 1221 2296 maxima
1261 2241 1429 2297 caede
1471 2241 1616 2296 edita
1643 2241 1959 2301 adelstanus
1994 2239 2284 2310 repulerat,

35 2336 96 2389 in
131 2330 402 2386 auxilium
430 2334 625 2387 vocant
663 2334 717 2385 et
755 2330 810 2383 in
844 2328 1088 2383 Eboraco
1131 2327 1260 2384 urbe
1300 2328 1582 2400 recipiunt.
1652 2328 1722 2382 Et
1757 2332 1883 2383 tunc
1918 2326 2133 2396 quidem
2168 2327 2284 2382 Ed-

35 2419 289 2478 mnndus
315 2419 371 2475 in
393 2421 663 2487 angustias
699 2416 965 2486 redactuS,
1000 2430 1099 2487 per
1125 2416 1560 2487 archiepiscopos
1588 2419 1864 2487 utriusque
1890 2417 2203 2485 provinciae
2229 2418 2286 2472 in

35 2520 251 2583 pacem
279 2509 566 2576 consensit,
603 2504 809 2560 insulae
838 2506 1206 2561 meridionalia
1233 2505 1476 2577 obtinuit,
1512 2503 1956 2574 septentrionalia
1982 2506 2119 2561 tueri
2145 2504 2286 2561 haud

36 2597 251 2669 potuit.
321 2587 429 2652 S'ed
448 2593 670 2651 Aulasus
697 2608 802 2649 non
833 2592 996 2648 multo
1027 2596 1150 2662 post
1176 2592 1327 2648 obiit.
1398 2593 1533 2649 Eum
1552 2593 2028 2649 nuntindonieaais
2055 2594 2289 2664 scriptor

38 2685 353 2742 Hibernium
382 2682 529 2752 l'acit,
570 2685 766 2738 rectius
797 2684 923 2752 puto
951 2681 1136 2736 Simon
1162 2680 1539 2737 Duuelmensis
1567 2681 1906 2749 Noregauum
1933 2694 2032 2739 seu
2058 2680 2288 2737 Norwa-

43 2788 203 2844 gum.
277 2771 346 2827 Et
382 2778 513 2842 puto
542 2770 778 2829 Orcades
820 2772 1078 2841 tenuisse,
1114 2784 1333 2839 quarum
1358 2769 1690 2825 habitatores
1718 2770 1965 2824 coloniae
1993 2772 2118 2823 sunt
2144 2767 2289 2823 Nor-

40 2875 351 2930 wagorum.
418 2859 727 2916 Edmundus
755 2864 947 2929 postea
973 2857 1393 2914 Nortbumbriam
1420 2858 1772 2927 recuperavit,
1818 2862 1873 2911 et
1899 2856 2134 2912 Merciae
2159 2871 2288 2927 par-

46 2954 191 3021 tem,
205 2964 375 3019 quam
403 2950 594 3018 pagani
625 2948 714 3003 diu
743 2950 1037 3018 tenuerant,
1065 2946 1132 3002 ad
1150 2946 1437 3003 Humbrum
1457 2945 1667 3001 fluvium
1686 2958 1852 3014 regno
1871 2958 2055 3000 rursus
2075 2944 2289 3017 adjecit,

52 3039 341 3107 totiusque
369 3038 595 3105 Angliae
620 3035 978 3094 monarchiam
1010 3036 1220 3092 tandem
1250 3034 1493 3105 obtinuit,
1521 3038 1580 3089 at
1605 3036 1681 3090 ait
1704 3032 2218 3091 malmesburiensis.

209 3127 295 3181 11.
385 3125 581 3181 Romae
634 3125 933 3196 Stephanus
987 3122 1246 3196 pontifex,
1304 3124 1600 3193 instigante
1643 3124 1732 3180 vel
1773 3127 1922 3179 certe
1966 3124 2290 3181 connivente

58 3214 335 3284 Amerino,
365 3215 606 3269 manibus
634 3216 912 3284 impioram
940 3213 1236 3271 lancinatus
1260 3215 1358 3283 est,
1376 3213 1807 3281 turpatusquein
1824 3211 1990 3275 vultu,
2017 3216 2076 3267 ut
2096 3211 2293 3267 exinde

62 3303 285 3373 publico
326 3301 641 3359 abstineret.
723 3302 1003 3359 Albericus
1049 3302 1221 3358 adhuc
1265 3314 1383 3356 cum
1429 3302 1652 3368 lingone
1694 3313 1823 3370 rege
1871 3299 2289 3356 conflictabatur.

66 3391 261 3462 Itaque
286 3391 423 3446 haud
444 3392 719 3449 addictum
748 3392 852 3446 sibi
881 3391 1185 3462 pontificem
1214 3393 1524 3460 suspectum
1564 3387 1810 3444 habebat.
1881 3388 2037 3458 Hugo
2075 3390 2291 3444 interim

68 3482 371 3537 interventu
399 3481 581 3539 dilecti
608 3485 694 3536 sui
722 3481 930 3536 comitis
959 3479 1214 3538 Luitsredi
1244 3482 1300 3535 et
1325 3477 1536 3534 abbatis
1559 3478 1843 3534 Bobiensis
1875 3478 2290 3546 praeceptiones

68 3584 251 3640 regum
274 3568 739 3637 Langobardorum
762 3568 1015 3625 Bobiensi
1038 3568 1360 3624 monasterio
1382 3565 1732 3632 confirmavit;
1762 3563 2105 3621 dat.13.Kal.
2119 3561 2289 3632 April.

69 3675 121 3713 a.
140 3660 191 3713 d.
210 3658 316 3712 inc.
335 3660 463 3727 940,
490 3662 647 3729 rasni
677 3658 922 3729 Huyom's
949 3660 1035 3729 14,
1062 3658 1310 3713 bomar-ii
1333 3658 1386 3712 9.
1443 3655 1631 3711 Actum
1656 3658 1714 3710 in
1740 3651 1996 3708 coenobio
2021 3650 2289 3707 Bobiensi.

69 3746 220 3802 Idem
248 3761 366 3801 cum
395 3748 739 3818 episcopatus
781 3749 834 3800 iu
874 3745 1117 3802 homines
1162 3744 1269 3800 sibi
1309 3745 1551 3801 addictos
1592 3740 1879 3809 conferret,
1924 3737 2291 3795 Placentinum

70 3836 213 3890 circa
240 3833 376 3890 baec
404 3839 643 3905 tempora
664 3836 866 3890 Bosoni
886 3833 998 3889 lilio
1018 3833 1258 3903 credidit,
1285 3846 1445 3902 quem
1466 3838 1522 3888 et
1538 3827 2062 3887 archicancellarium
2087 3826 2290 3884 habuit.

70 3923 262 3992 ltaque
288 3922 574 3992 diplomata
602 3928 802 3993 extant,
829 3937 966 3993 qaae
996 3921 1357 3993 Giseprandus
1386 3918 1739 3977 cancellarius
1765 3915 1836 3971 ad
1860 3917 2034 3971 vicem
2059 3915 2291 3972 Bosonis

70 4010 528 4087 archicancellarii
566 4014 897 4080 recognovit.
968 4011 1116 4067 Haec
1143 4010 1395 4080 Campius
1431 4011 1489 4067 in
1513 4004 1736 4062 historia
1761 4002 2034 4063 ecclesiae
2059 3998 2293 4063 Placen-

68 4102 223 4157 tinae
245 4098 535 4156 annotavit.

216 4188 298 4243 12.
370 4186 683 4257 Sigebertus
711 4192 768 4245 et
787 4187 1052 4247 annalista
1069 4187 1229 4257 Saxo,
1247 4189 1304 4243 et
1325 4185 1610 4243 Alhericus
1628 4183 1988 4256 Sigoniusque
2003 4180 2298 4255 (sigeber-

72 4283 188 4335 tum
205 4278 411 4345 secuti)
424 4279 483 4332 in
500 4275 641 4333 banc
660 4290 853 4333 annum
872 4275 1428 4343 referuntBerengarii
1448 4273 1769 4331 marchionis
1780 4273 2082 4344 Eporegiae
2101 4270 2294 4340 sugam.

68 4368 124 4424 ls
150 4370 308 4425 natus
326 4369 443 4422 erat
460 4378 530 4425 ex
547 4364 837 4423 adelberto
852 4371 914 4427 et
933 4366 1131 4438 Gisela,
1149 4364 1459 4435 Bereagarii
1482 4364 1627 4434 regis
1654 4362 1793 4432 lilia3
1821 4360 2039 4421 fratrem
2054 4356 2296 4417 Ansclia·

182 4471 235 4527 θ)
259 4470 454 4518 historia
479 4482 593 4519 em.
614 4473 887 4519 mins.
