2817 4959
653 302 1184 374 ANNALES
1252 302 1708 371 lumin-11
2175 302 2298 370 631

43 479 297 540 hro-ici
343 478 560 550 Belgici
596 482 823 552 aceepit.
891 477 962 536 Bt
997 492 1128 538 vere
1165 477 1329 536 facile
1354 477 1689 550 crediderim,
1716 479 2000 534 autoritate
2039 477 2173 534 tuti
2198 476 2301 533 viri
2326 477 2393 547 Α,
2418 463 2555 545 953.

43 574 271 641 actum,
326 571 399 624 ut
443 567 574 624 ditio
610 567 1085 639 archiepiscopalis
1126 566 1194 624 ab
1236 568 1379 623 omni
1417 568 1666 622 comitum
1701 566 1792 622 vel
1819 567 2008 624 dacum
2035 568 2308 636 potestate

44 658 419 715 iberas-etur.
490 656 601 713 Sed
627 661 850 729 constat,
875 657 928 712 id
950 659 1063 725 ltu
1083 656 1275 713 dudum
1303 668 1372 711 eo
1400 658 1642 725 tempore
1662 653 1841 710 multis
1868 653 2099 722 abbatiis
2127 652 2312 709 indul-

44 761 143 804 um
177 744 409 802 fuisse.
482 744 552 802 Et
578 745 869 816 episcopus
905 743 1355 815 wirciburgensis
1381 742 1451 799 ab
1479 745 1698 813 antiquo
1728 745 1848 813 jura
1874 742 2027 799 ducis
2053 740 2309 799 babuisse

43 834 301 891 :reditus
347 836 445 890 est
471 836 528 890 in
556 838 667 891 tota
696 847 793 890 sua
822 834 1093 904 dioeces13
1120 832 1263 903 quod
1279 846 1453 889 rarum
1476 836 1606 902 erat,
1626 830 1724 887 sed
1749 829 1826 887 ibi
1853 829 2066 887 facilius
2110 828 2212 886 suit
2238 828 2309 885 ob

43 925 229 993 titum,
292 922 493 978 locum
534 935 665 977 vero
704 921 904 979 babere
943 935 1053 978 non
1091 922 1401 994 peterat-iu
1431 911 1706 992 plerisque
1740 919 1863 976 aliis
1892 918 2311 991 episcopatibus,

43 1010 133 1070 ubi
180 1011 508 1068 dioeceses
546 1009 742 1066 multos
783 1023 953 1081 pagos
992 1012 1051 1066 et
1095 1011 1375 1065 comitatus
1419 1006 1913 1078 complectebantur
1938 1009 1995 1063 in
2030 1004 2311 1063 ducatibus

43 1099 459 1158 wustabiutis.
530 1097 716 1167 ltaque
757 1097 1079 1155 Adalbertns
1119 1097 1427 1155 {immensis
1472 1096 1910 1168 archiepiscopus
1955 1094 2056 1152 sub
2077 1093 2311 1150 ilenrico

43 1188 130 1246 Ν.
164 1188 354 1246 aulae
400 1191 598 1259 potens
626 1184 824 1244 frastra
867 1185 1154 1257 affectavit,
1190 1189 1248 1241 ut
1299 1185 1528 1242 ducibus
1573 1183 1810 1242 exclusis
1854 1197 2044 1242 omnes
2084 1184 2311 1239 comites

43 1279 388 1335 Bremensis
419 1275 695 1332 dioecesis
722 1276 892 1345 ipsios
917 1275 1111 1333 vasalli
1139 1279 1341 1346 essent,
1366 1289 1491 1331 nam
1509 1273 1764 1346 paulatin
1789 1287 1879 1330 res
1906 1286 1975 1329 eo
2006 1272 2312 1341 devenerat,

43 1370 98 1424 at
125 1367 391 1424 comites
424 1363 616 1420 fierent
644 1361 974 1419 beneficiarii
1001 1377 1217 1419 suornm
1245 1363 1457 1419 ducum.
1527 1362 1638 1419 Sed
1663 1360 1761 1418 ille
1792 1376 1863 1420 ne
1891 1362 1944 1418 id
1972 1360 2187 1432 quidem
2205 1358 2311 1415 ob-

43 1455 226 1514 tinere
274 1453 488 1524 potuit,
529 1452 670 1522 qued
713 1454 887 1508 minus
926 1457 1060 1520 erat,
1104 1457 1162 1508 et
1217 1449 1442 1507 Colonia
1480 1451 1683 1521 aliique
1722 1449 2013 1521 habebant,
2061 1454 2121 1504 ut
2158 1450 2311 1520 ipsae

43 1544 313 1615 episcopi
385 1540 624 1596 ditiones
671 1553 858 1600 omnes
899 1545 1163 1612 uentae,
1214 1540 1429 1610 solique
1489 1541 1716 1611 imperio
1767 1539 2004 1610 supremi
2055 1537 2313 1608 principis

44 1630 340 1689 obnoxiae
372 1632 589 1685 essent.

197 1719 295 1777 18.
388 1715 654 1788 Episcopi
700 1719 758 1773 et
783 1714 1013 1784 abbates
1036 1717 1191 1773 initio
1218 1715 1522 1784 gaudebant
1548 1717 1850 1787 acquisisse
1878 1713 2113 1788 praedia,
2153 1711 2313 1769 villas

45 1819 351 1879 pagosque
399 1818 507 1862 seu
533 1808 746 1878 tractus,
791 1805 942 1862 salva
969 1806 1049 1861 rei
1085 1803 1351 1877 publicae,
1390 1805 1446 1861 id
1491 1808 1578 1861 est
1630 1805 1883 1860 comitum
1922 1816 2021 1860 sen
2046 1804 2313 1859 rectorum

50 1895 357 1964 localium,
381 1897 676 1967 potestate,
700 1905 807 1952 nec
831 1895 952 1965 ipsa
968 1893 1206 1950 Romana
1221 1892 1460 1949 ecclesia
1486 1893 1586 1949 sub
1604 1892 1799 1965 Pipino
1811 1891 1962 1949 aliud
1976 1905 2133 1961 quam
2150 1902 2315 1962 prae-

55 1985 145 2042 &a
175 1998 285 2042 sen
313 1982 647 2055 patria-onia
672 1981 873 2040 babuit.
942 1983 995 2039 Is
1041 1983 1240 2053 primus
1268 1979 1609 2038 liberalitatis
1647 1980 1841 2051 gradus
1871 1979 1988 2036 fuit.
2057 1978 2167 2035 Sed
2200 1982 2315 2048 jam

52 2073 159 2128 sub
207 2070 531 2139 careliugis
571 2083 681 2127 non
724 2084 846 2127 raro
880 2070 1038 2127 novis
1080 2068 1457 2125 donationibus
1499 2068 1732 2126 additum
1778 2073 1878 2140 est,
1916 2074 1975 2124 ut
2002 2070 2174 2124 omnis
2208 2079 2316 2138 po-

56 2165 243 2219 testas
260 2159 561 2230 judiciaria
588 2158 976 2229 excluderetur,
1004 2158 1372 2228 translataque
1398 2160 1456 2212 ia
1485 2157 1776 2216 ecclesiam
1802 2171 1902 2227 per
1927 2160 2048 2226 ejus
2072 2156 2315 2212 advoca-

59 2254 177 2306 tum
204 2251 593 2306 exerceretur.
666 2246 725 2301 Is
760 2244 860 2302 fuit
899 2245 1095 2315 gradus
1137 2246 1288 2302 alter.
1360 2245 1574 2304 Dedere
1615 2260 1738 2301 mox
1781 2259 2015 2317 operam,
2052 2250 2111 2300 ut
2150 2246 2316 2300 etiam

59 2339 290 2394 veteres
321 2336 646 2392 donationes
667 2335 906 2403 judicum
933 2337 1198 2404 regiorum
1227 2339 1497 2406 potestate
1513 2333 1885 2405 liberarentur,
1914 2338 2075 2405 atque
2101 2335 2178 2388 ita
2189 2336 2317 2401 jura

63 2428 368 2484 comitatus
398 2426 455 2479 in
481 2425 596 2479 suis
633 2426 791 2479 terris
827 2422 1129 2480 obtinuere.
1199 2423 1336 2481 Hinc
1375 2426 1491 2480 irae
1533 2425 1784 2480 comitum
1828 2429 1884 2480 et
1909 2425 2315 2479 missorumre-

61 2517 283 2583 giorum
321 2509 419 2565 vel
462 2510 669 2579 dueum,
715 2511 807 2580 qui
849 2508 981 2565 fisco
1021 2524 1127 2566 sta-
1153 2513 1275 2579 jura
1314 2510 1563 2568 subtrahi
1596 2510 1970 2581 querebantur,
2011 2524 2161 2586 suam
2206 2510 2317 2580 ipsi

63 2602 411 2672 potestatem
441 2597 604 2652 minui
631 2609 807 2666 aegre
822 2595 1086 2662 ferentem
1115 2597 1257 2653 unde
1283 2599 1569 2654 Battonem
1595 2597 1960 2667 lloguntinum
1988 2603 2045 2653 et
2060 2598 2317 2653 Salomo-

61 2703 194 2748 nem
233 2686 717 2743 constantiensem
753 2698 871 2740 cum
909 2683 1239 2755 principibus
1279 2683 1536 2740 Franciae
1563 2687 1622 2740 et
1657 2683 2029 2742 Allemauniae
2068 2685 2316 2741 collisum

66 2776 386 2834 notavimus
417 2785 487 2829 ex
519 2770 821 2828 Ekkibardo
849 2770 1208 2841 sangallensi.
1280 2771 1333 2826 is
1362 2785 1493 2840 ergo
1534 2775 1726 2830 tertius
1765 2777 1879 2828 erat
1919 2773 2133 2843 gradus.
2203 2773 2316 2830 Sed

66 2863 160 2921 bic
201 2877 298 2920 res
321 2875 436 2918 non
463 2862 615 2918 stetit
628 2874 658 2925 ς·
675 2873 792 2915 cam
820 2860 961 2916 enim
993 2861 1236 2931 episcopi
1264 2858 1531 2916 carolinis
1570 2859 1900 2931 temporibus
1938 2862 2079 2920 inter
2115 2862 2315 2917 missos

75 2955 261 3022 regios
290 2955 501 3021 essent,
532 2948 726 3021 quibus
755 2948 1028 3020 «praedam.
1044 2951 1288 3019 potestas
1319 2948 1383 3004 ad
1413 2952 1625 3018 tempus
1666 2953 1725 3005 et
1753 2952 1920 3018 quasi
1948 2950 2186 3005 visitatio
2215 2963 2316 3005 co-

75 3042 359 3098 mitatuum
379 3038 664 3094 commissa
683 3042 814 3108 erat,
842 3036 940 3092 sed
960 3050 1099 3106 quae
1117 3035 1371 3107 paulatim
1397 3035 1468 3092 ad
1489 3038 1651 3093 vitam
1673 3038 1875 3094 credita
1892 3043 1997 3111 est,
2022 3037 2131 3093 illis
2151 3051 2315 3109 prae-

80 3130 283 3200 sertim,
312 3129 407 3198 qui
432 3128 706 3183 exercitus
734 3124 1014 3195 ducebant,
1041 3130 1099 3181 et
1123 3126 1180 3180 in
1206 3125 1391 3181 limine
1419 3128 1605 3181 contra
1644 3124 1902 3182 barbaros
1945 3125 2314 3197 excubabant;

80 3223 235 3274 etex
260 3215 348 3271 bis
377 3214 544 3272 dnces
574 3213 784 3270 tandem
814 3214 991 3269 renati
1019 3217 1218 3286 essent,
1247 3215 1341 3284 qui
1367 3212 1469 3268 sub
1497 3225 1630 3281 rege
1645 3215 1979 3272 autoritatem
2005 3217 2060 3271 in
2088 3218 2314 3273 comites

82 3306 323 3375 inwgrae
346 3304 524 3373 genus
550 3306 644 3359 aut
667 3303 820 3372 regul
859 3301 1149 3368 baberent3
1199 3301 1446 3374 episcopi
1484 3301 1682 3358 alicubi
1717 3315 1952 3375 coepere
1978 3307 2139 3361 etiam
2173 3304 2314 3361 ultra

87 3405 210 3449 suas
239 3394 487 3465 proprias
507 3391 742 3447 ditiones
767 3392 1045 3462 porrigere
1063 3391 1404 3446 autoritatem
1429 3391 1486 3447 in
1512 3392 1719 3448 vicinos
1748 3395 2046 3465 comitatus,
2072 3398 2129 3450 et
2155 3392 2316 3450 dioe-

89 3494 321 3538 cesanae
352 3481 657 3537 extensioni
683 3493 918 3551 aequare
957 3477 1383 3551 praefectoriam,
1411 3479 1552 3549 quod
1597 3478 1827 3537 fortasse
1867 3483 2069 3552 primus
2113 3482 2316 3538 wirzi-

99 3567 379 3640 burgensis
408 3567 654 3640 obtinuit,
682 3568 807 3639 quia
840 3567 1061 3624 Francia
1113 3566 1392 3624 orientalis
1421 3568 1586 3624 duces
1613 3583 1722 3625 non
1750 3567 1988 3626 baberet.
2059 3569 2170 3624 Alii
2207 3571 2317 3625 etsi

90 3654 192 3712 boc
214 3658 273 3713 in
298 3660 412 3712 tota
440 3655 680 3713 dioecesi
707 3671 805 3713 sua
842 3655 1059 3712 edicere
1096 3669 1211 3712 non
1243 3660 1487 3728 possent,
1525 3657 1590 3713 in
1619 3661 1773 3728 parte
1815 3662 1940 3713 sunt
1977 3657 2235 3727 assecuti,
2254 3661 2318 3714 ut

95 3745 296 3801 ricinos
324 3747 551 3802 comites
577 3750 669 3800 aut
696 3744 949 3814 dynastas
977 3743 1083 3802 sibi
1108 3745 1347 3802 vasallos
1376 3745 1634 3815 facerent,
1661 3745 1804 3814 qnod
1840 3744 2012 3801 duces
2034 3747 2188 3815 quasi
2211 3760 2312 3802 suo

98 3834 315 3901 quodam
335 3837 458 3903 jure
485 3847 584 3904 per
611 3847 738 3889 suas
765 3834 1071 3904 provincias
1109 3836 1169 3892 in
1203 3837 1444 3892 minores
1481 3834 1726 3890 dominos
1756 3833 1908 3889 nacti
1939 3835 2104 3890 erant.
2174 3832 2312 3892 Eum

101 3918 311 3978 dixerim
336 3924 576 3992 quartum
614 3921 877 3979 secularis
907 3924 965 3978 iu
991 3924 1384 3981 ecclesiasticis
1401 3923 1677 3996 potentiae
1693 3921 1928 3993 gradum,
1953 3924 2066 3978 tum
2084 3924 2316 3979 maxime

100 4012 297 4082 auctae,
341 4024 459 4066 cum
501 4011 881 4068 nominationis
926 4013 1013 4080 ius
1052 4011 1269 4082 regibus
1313 4015 1575 4069 extortum
1604 4015 1690 4066 est
1726 4022 1822 4082 per
1861 4010 2314 4069 Hildebrandinos

105 4094 338 4155 dictatus.
392 4097 502 4156 Sed
529 4099 716 4170 quinto
744 4099 961 4156 tandem
988 4114 1059 4158 ex
1078 4100 1303 4158 ducibus
1330 4102 1388 4157 et
1414 4097 1700 4157 comitibus
1738 4101 1984 4173 episcopi
2001 4102 2060 4157 et
2086 4097 2314 4156 abbates

104 4186 467 4255 propemodum
494 4200 654 4258 reges
682 4188 773 4245 vel
813 4188 987 4259 reguli
1015 4189 1146 4246 sacti
1173 4191 1313 4260 sunt,
1341 4188 1575 4261 quando,
1601 4187 1907 4246 collabente
1933 4190 2313 4259 imperatorum

109 4275 389 4346 autoritate,
412 4275 523 4348 ipsi
549 4276 715 4333 duces
742 4278 799 4334 et
824 4278 1054 4336 comites
1071 4291 1141 4334 ee
1167 4278 1453 4349 potestatis
1483 4291 1823 4349 exurrexere,
1850 4281 1911 4335 ut
1937 4276 2312 4335 beneficiarias

108 4355 170 4412 ab
195 4361 405 4432 imperio
432 4364 665 4423 ditiones
690 4366 915 4436 perinde
953 4369 1012 4422 ut
1036 4365 1439 4439 patrimoniales
1457 4366 1672 4438 babere,
1701 4371 1757 4423 et
1784 4365 2087 4423 inconsulto
2106 4379 2314 4423 summo

110 4446 333 4522 Principe
350 4452 486 4510 inter
512 4452 715 4513 liberos
743 4453 983 4514 dividere
1009 4454 1296 4514 auderent:
1340 4468 1463 4513 nam
1493 4469 1677 4516 eoram
1707 4453 1956 4527 exemplo
2001 4457 2161 4514 etiam
2190 4457 2314 4529 epi-

1354 4543 1389 4570 Ι
