2817 4959
497 280 627 349 sis
1058 276 1594 345 Annaeus
1667 255 2122 343 iura-au

245 451 477 526 ια.
641 455 693 512 1.
762 448 2720 524 Analmiatemabexiuoianajoaria-redierag-agnepopan

491 544 684 619 plausu
709 542 984 615 multaque
1010 542 1366 613 gratulatione
1392 542 1701 613 optimatum
1724 543 2024 610 susceptus.
2060 538 2117 594 ls
2136 535 2304 608 l'avor,
2322 542 2373 595 si
2392 538 2718 613 Luitpraade

491 633 773 704 credimus,
799 634 1029 689 animur
1055 632 1124 689 ad
1150 634 1353 701 mucra
1379 631 1541 702 dedit,
1566 632 1626 685 ut
1649 630 1811 685 etiam
1835 642 2058 698 mgnum
2076 632 2345 697 speraret3
2372 627 2721 702 Baioariiqae

490 728 550 782 et
575 720 885 779 Orientales
922 720 1014 792 (id
1041 725 1130 777 est
1155 720 1469 789 Austriaci)‚
1510 717 1700 775 eodem
1734 722 2077 788 memorante,
2105 715 2213 772 boc
2235 715 2593 774 veliementer
2618 733 2716 775 ex·

486 809 768 884 petebant,
805 813 922 866 sive
949 808 1147 865 invidia
1190 809 1246 863 in
1272 807 1534 879 Saxones,
1572 809 1689 864 sive
1719 807 1861 878 quod
1886 821 1995 864 nou
2022 804 2191 864 semel
2219 806 2442 878 proprio
2468 819 2605 876 rege
2632 809 2713 865 usi

485 901 740 960 fuissent.
795 898 905 956 Sed
931 897 1193 954 ilenricus
1233 896 1369 953 baec
1408 896 1682 952 molimina
1716 896 1994 952 celerinte
2034 908 2131 951 sua
2160 895 2390 963 disjecit.
2453 895 2715 966 nvene-

484 989 631 1065 apud
670 988 1015 1046 Allernanuos
1053 999 1236 1056 agens,
1271 987 1417 1041 vires
1456 986 1513 1043 in
1550 984 1823 1041 Arnuli’um
1860 1000 1931 1041 ex
1968 985 2113 1041 omni
2148 996 2313 1051 regno
2343 983 2716 1041 contrahebat.

483 1080 667 1151 atque
689 1077 793 1134 buc
819 1077 1069 1148 pertinet,
1106 1074 1246 1145 qaod
1275 1073 1495 1130 Grusius
1522 1072 1845 1145 observavit,
1885 1086 2068 1141 regen
2108 1071 2345 1127 secundo
2384 1074 2547 1141 regui
2575 1087 2713 1130 anae

483 1169 544 1226 iu
567 1168 842 1237 Begoviae
866 1162 998 1221 villa
1022 1163 1241 1233 Siginga
1268 1161 1455 1219 fuisse.
1505 1162 1677 1219 Primo
1704 1175 1834 1232 ergo
1863 1174 1994 1219 vere
2018 1162 2334 1218 transmisso
2361 1158 2508 1231 Lyco
2538 1175 2716 1230 amne,

482 1257 543 1314 in
567 1255 845 1326 Βαίου-ἰοῦ
873 1254 1055 1310 movit.
1103 1250 1422 1308 witikindus
1448 1248 1720 1307 Arnulfum
1746 1250 1951 1306 viribus
1978 1251 2252 1323 imparem,
2280 1261 2412 1305 sese
2436 1248 2713 1320 Reginos-

484 1345 653 1416 burgo
693 1342 1000 1411 inclusisse,
1039 1340 1226 1411 ibique
1265 1339 1548 1396 obsessum
1590 1339 1803 1396 scribit:
1842 1338 2215 1413 Luitprandus,
2242 1338 2457 1393 obviam
2482 1354 2717 1410 proces·

483 1437 644 1505 sisse,
672 1435 730 1489 et
753 1430 963 1487 remed
989 1429 1250 1502 praelium
1277 1434 1576 1502 spectasse.
1612 1427 1747 1483 illud
1777 1433 2005 1498 constat,
2034 1430 2256 1483 venisse
2283 1424 2350 1482 ad
2375 1426 2714 1498 colloquiu-

480 1525 710 1597 partium
750 1521 934 1591 duces,
974 1519 1369 1589 Henricnmque
1410 1518 1477 1573 ad
1516 1517 1748 1573 divinam
1787 1516 2114 1572 voluntatem
2155 1521 2213 1572 et
2237 1514 2419 1586 populi
2437 1517 2717 1584 judicium

480 1622 840 1684 provocasse:
882 1606 1178 1679 Arnuli'um,
1204 1608 1374 1677 magis
1401 1608 1733 1664 necessitate
1774 1620 1932 1677 quam
1958 1606 2205 1660 oratione
2232 1617 2559 1677 persuasum,
2588 1620 2713 1663 ren

482 1698 551 1758 ad
574 1711 704 1756 suos
743 1698 1018 1767 retulisse,
1049 1700 1104 1753 et
1136 1708 1204 1753 ex
1246 1709 1431 1753 eorum
1469 1697 1740 1753 sententia
1777 1707 1841 1751 se
1880 1707 2001 1749 cum
2038 1692 2184 1750 onai
2222 1706 2391 1763 reguo
2428 1706 2528 1750 suo
2556 1697 2713 1766 regis

480 1788 609 1846 fidei
632 1787 966 1859 permisisse.

621 1875 675 1935 2.
745 1876 828 1932 lta
865 1871 1129 1945 multas,
1169 1876 1231 1931 ut
1255 1872 1562 1946 Luitprandi
1586 1872 1768 1931 verbis
1806 1877 1938 1944 utar,
1978 1870 2195 1928 Henrici
2218 1869 2366 1939 regis
2394 1871 2553 1929 miles
2582 1872 2711 1932 elli-

481 1967 636 2037 citur,
675 1968 733 2022 et
765 1963 1007 2021 vicissim
1043 1967 1369 2036 potestatem
1409 1964 1607 2033 accipit
1644 1964 1703 2019 iu
1729 1975 1916 2018 omnes
1943 1961 2221 2031 Baioariae
2249 1961 2621 2035 episcopatus,
2656 1968 2712 2020 ut

478 2065 828 2112 successores
856 2052 1124 2109 defunctis
1152 2051 1281 2108 dare
1307 2054 1525 2122 posset;
1554 2065 1621 2108 eo
1650 2050 1861 2106 scilicet
1879 2053 2019 2121 jure,
2047 2062 2153 2121 quo
2181 2051 2340 2105 antea
2365 2064 2528 2119 reges
2554 2052 2711 2110 sole-

479 2141 624 2199 bant.
671 2142 792 2198 Etsi
819 2143 962 2199 euim
986 2140 1043 2195 bi
1062 2140 1319 2208 judicium
1356 2139 1487 2195 cieri
1516 2144 1572 2196 et
1598 2138 1783 2210 populi
1821 2151 1931 2193 non
1956 2138 2172 2194 omnino
2200 2143 2534 2210 spernerent,
2581 2145 2710 2212 pot·

478 2233 634 2288 erant
659 2233 840 2286 tanen
866 2229 1157 2285 dissentire
1183 2240 1252 2283 ex
1278 2241 1457 2298 causa,
1501 2230 1558 2282 et
1581 2240 1783 2295 negare
1822 2225 2137 2295 dignitatem
2178 2223 2377 2297 eiecto,
2414 2232 2472 2285 et
2502 2233 2709 2288 tautu-

473 2331 583 2375 aon
609 2315 1000 2385 commndare,
1041 2328 1201 2386 quera
1238 2315 1459 2371 vellent.
1518 2313 1672 2371 Unde
1713 2327 2053 2384 consequeus
2088 2317 2221 2386 erat,
2258 2319 2320 2369 ut
2345 2315 2509 2373 facile
2534 2318 2707 2376 aliun

474 2407 846 2474 surrogarunt3
874 2415 1050 2472 eaque
1076 2406 1366 2474 potestate,
1392 2402 1707 2459 florentibus
1734 2405 1790 2460 ia
1816 2402 1973 2459 ltalia
1998 2401 2316 2459 Francorum
2333 2403 2518 2475 rebus,
2536 2409 2708 2466 etia:

469 2492 671 2553 Romae
712 2490 1017 2549 utebantur.
1085 2493 1352 2547 assensus
1397 2494 1577 2548 autem
1622 2494 1679 2547 et
1739 2492 2109 2561 investiturae,
2166 2491 2221 2547 id
2260 2498 2347 2548 est
2380 2494 2709 2568 traditionis,

471 2583 681 2653 signum
707 2584 824 2638 erat
849 2579 1094 2652 annulus,
1125 2593 1232 2651 quo
1268 2577 1697 2652 desponsabatur
1730 2579 2023 2652 episcopus
2049 2581 2340 2653 ecclesiae,
2374 2585 2429 2638 et
2454 2581 2708 2656 bacmos,

472 2685 580 2745 quo
616 2672 862 2743 potestas
899 2670 959 2728 in
997 2667 1214 2741 piebem
1252 2667 1657 2725 conferebatur:
1723 2683 1789 2725 ac
1828 2674 1939 2725 tuni
1981 2669 2191 2727 demum
2229 2671 2493 2728 ordinatio
2535 2673 2710 2732 electi

473 2759 912 2833 comprobatique
936 2758 1201 2830 praesulis
1228 2757 1599 2831 peragebatur.
1657 2758 1821 2814 Porro
1849 2758 1973 2816 data
2000 2759 2122 2815 duci
2149 2762 2294 2816 tanta
2318 2760 2376 2815 in
2404 2762 2707 2835 episcopos

468 2852 763 2922 potestate,
786 2848 929 2906 baud
956 2847 1172 2905 dubium
1200 2851 1299 2919 est,
1328 2846 1547 2903 nuitu-
1574 2846 1711 2903 etin
1738 2849 1966 2904 comites
1993 2860 2326 2919 concessum,
2360 2850 2505 2919 quod
2533 2851 2708 2910 dura..

469 2937 650 3011 bilius,
677 2940 954 3009 magisque
979 2937 1236 3006 increvit3
1263 2935 1623 3007 paulatimque
1644 2949 1712 2992 eo
1732 2937 1991 3008 pervenit,
2008 2940 2068 2992 ut
2085 2935 2249 2992 duces
2273 2935 2472 2993 milites
2492 2951 2705 3012 regnu,

470 3030 699 3085 comites
736 3026 938 3082 milites
978 3025 1167 3081 ducum
1208 3023 1547 3081 haberentur.
1616 3026 1681 3079 At
1714 3027 1805 3094 jus
1843 3027 1901 3080 in
1928 3026 2212 3095 episcopos
2251 3039 2361 3080 nou
2389 3025 2610 3083 duravit
2638 3030 2705 3086 ad

466 3119 737 3189 posteros.
786 3113 1003 3172 Diserte
1030 3116 1172 3171 eai-
1199 3113 1484 3182 Ditmarus,
1512 3127 1629 3168 curn
1657 3119 1783 3184 post
1807 3114 1985 3168 varios
2010 3114 2259 3169 virtutum
2286 3119 2510 3171 ornatus
2529 3118 2703 3174 rita-

467 3201 693 3274 fluisset,
736 3201 873 3258 nulli
917 3215 1289 3259 successorum
1334 3207 1536 3257 tantum
1582 3200 1836 3258 bonorem
1878 3200 2140 3270 relictum,
2186 3199 2285 3256 sed
2329 3199 2485 3257 solos
2532 3219 2702 3278 reges

468 3293 660 3348 summi
698 3290 925 3346 rectoris
952 3290 1075 3345 vice
1103 3291 1335 3345 caeteris
1375 3289 1681 3363 pastoribus
1718 3302 2000 3360 praeesse:
2041 3301 2341 3358 quanquam
2370 3295 2427 3345 et
2452 3289 2699 3352 ilenrico

465 3378 638 3437 Leoni
674 3381 868 3451 postea
906 3376 1108 3448 aliquid
1147 3377 1323 3434 simile
1363 3365 1621 3435 indultum
1658 3380 1865 3433 constet
1904 3374 2049 3432 bulla
2073 3390 2238 3433 aurea
2263 3377 2551 3453 peculiari,
2599 3385 2697 3441 sed

467 3471 669 3527 mium
695 3470 752 3525 in
779 3465 1037 3538 quosdam
1065 3466 1288 3523 ducatus
1314 3466 1583 3523 saxoniae
1611 3467 1967 3537 episcopatus.
2003 3463 2214 3521 Foedus
2238 3466 2392 3522 ducis
2417 3482 2541 3526 cum
2564 3485 2694 3540 rege

464 3556 795 3632 nuptialibus
834 3558 1005 3612 sacris
1045 3552 1323 3627 firmatum,
1376 3560 1433 3612 et
1474 3554 1816 3627 Gerbergam,
1856 3554 2073 3609 Henrici
2115 3552 2294 3627 filiam,
2338 3555 2545 3614 Amulii
2574 3558 2689 3615 filio

463 3650 686 3718 nuptum
724 3644 989 3716 traditan,
1030 3642 1326 3700 Aventinus
1367 3644 1561 3717 prodit,
1604 3645 1791 3701 nescio
1833 3657 1937 3714 quo
1980 3649 2185 3701 autore.
2253 3643 2461 3706 Quodsi
2494 3653 2683 3716 pactas

463 3736 678 3805 nuptias
716 3735 1089 3805 concedamus,
1129 3731 1407 3803 perfectae
1447 3746 1556 3789 noa
1597 3731 1779 3802 fuere3
1832 3731 2157 3801 Gerbergam
2195 3735 2341 3789 euim
2384 3732 2685 3791 Giselberto

461 3825 659 3891 postea
694 3828 912 3896 nuptam
953 3825 1178 3879 constat.
1237 3820 1428 3891 Neque
1452 3820 1662 3877 Jutham
1704 3819 1868 3877 liliam
1894 3819 2091 3878 Amulii
2132 3820 2245 3878 illio
2283 3823 2430 3893 regis
2456 3821 2689 3880 ilenrico

464 3909 574 3978 jam
612 3912 723 3965 tuni
762 3914 1098 3983 promissam,
1142 3908 1283 3980 quod
1323 3911 1466 3965 idem
1506 3908 1664 3966 tradit
1703 3908 2019 3982 Aventinus,
2065 3909 2360 3967 verisimile
2399 3914 2513 3980 est3
2569 3925 2691 3969 cum

465 3994 593 4053 Otto
617 4001 747 4055 natu
772 4002 1073 4070 majorjam
1099 3999 1332 4063 adesset.
1359 4001 1512 4069 cujus
1540 4011 1666 4054 cura
1690 3998 1837 4069 prior
1862 4010 1992 4055 esse
2017 3996 2268 4055 debebat.

603 4085 655 4142 3.
724 4084 981 4143 Amulius
1010 4101 1273 4146 concessa
1296 4088 1353 4142 in
1380 4088 1669 4160 episcopos
1697 4088 1755 4141 et
1778 4084 1982 4141 clerum
2009 4090 2284 4157 potestate
2316 4088 2692 4159 inte-perau-

459 4174 567 4232 tius
591 4185 724 4230 usus
751 4175 1003 4247 creditur,
1041 4182 1099 4233 et
1136 4178 1270 4232 viris
1309 4173 1625 4231 militaribus
1665 4176 1865 4246 passim
1904 4174 2277 4232 ecclesiastica
2303 4177 2523 4248 praedia
2552 4191 2693 4233 con·

461 4265 728 4330 cessisse;
769 4262 911 4321 unde
949 4269 1140 4320 nactus
1179 4269 1264 4321 est
1301 4262 1431 4319 Mali
1471 4266 1895 4333 cognomentum.
1954 4262 2205 4320 Metellus
2247 4263 2693 4338 Tegernseensis,

459 4352 513 4406 S.
543 4352 747 4417 Quirini
786 4349 1094 4423 monachus,
1133 4354 1189 4409 in
1217 4351 1564 4414 Quirinalium
1606 4355 1839 4409 carmine
1870 4351 2074 4425 scribit,
2101 4353 2428 4410 monasterio
2456 4355 2691 4412 maxima

458 4436 739 4496 latifundia
763 4453 799 4495 a
822 4436 1114 4507 majoribus
1141 4438 1280 4509 data,
1308 4439 1400 4495 diu
1427 4439 1684 4499 inviolata
1710 4443 2029 4512 perstitisse,
