2817 4959
742 300 1278 373 ANNALES
1341 305 1807 375 infirmi
1883 307 1899 322 ‘
2252 308 2379 378 88⁵

291 480 358 534 4.
427 478 590 536 Binas
625 476 996 551 exmditioues
1032 491 1177 536 nunc
1203 477 1406 536 ‘carelo
1446 481 1684 542 tribuunt
1719 481 1925 553 antiqui
1956 486 2203 557 autores3
2244 499 2380 558 quas
2407 484 2631 557 mm.

129 565 350 625 ambas
378 565 546 623 falsas
573 579 790 638 censeo,
811 568 942 638 quia
969 567 1172 623 nullum
1200 582 1378 625 earm
1406 572 1465 625 in
1489 569 1792 625 Frodoardo
1817 573 2102 641 vestigium
2138 577 2240 646 est,
2274 590 2387 635 non

133 660 615 726 contemporaneo
636 659 852 726 tautum,
880 656 977 712 sed
1000 660 1056 712 et
1074 658 1467 712 interveniente
1484 659 1733 728 negotiis,
1775 663 1830 714 et
1862 661 2155 719 minutatim
2176 664 2382 723 Gallica

131 749 508 801 memorante.
579 744 750 800 Prima
790 750 877 800 est
913 743 1163 801 Ademari
1200 749 1255 800 et
1282 744 1505 801 aliorum
1533 746 1861 816 quorundam
1888 753 2129 807 autorum
2154 751 2382 823 Aquita-

133 835 418 905 nicorum‚
447 836 556 904 qui,
571 831 818 889 carolum
837 838 1047 890 secreto
1073 837 1270 891 itinere
1295 839 1443 891 tmis
1460 834 1687 904 Ligerim
1715 835 1781 891 ad
1809 837 2006 893 auxilia
2034 840 2225 897 cienda
2249 856 2383 911 pro-

135 921 376 992 tectum,
416 924 706 979 memoriae
745 923 989 994 produnt.
1060 923 1287 996 Addunt,
1336 939 1457 980 cum
1495 923 1912 982 Nummorum
1940 929 2198 1001 principe,
2241 941 2378 999 quos

131 1026 328 1082 nuper
367 1010 632 1066 ucbertus
671 1011 740 1067 ad
779 1010 1007 1080 Ligerim
1048 1012 1348 1085 obsederat,
1388 1014 1446 1069 in
1485 1015 1708 1069 transitu
1746 1014 2084 1089 collocutum,
2124 1022 2183 1072 nt
2207 1033 2380 1075 novus

132 1098 278 1156 huic
294 1099 468 1156 bostis
488 1113 521 1155 a
539 1103 691 1169 tergo
711 1100 963 1168 oriretur;
993 1101 1132 1173 apud
1153 1100 1468 1158 Lemovices
1499 1103 1553 1157 in
1583 1101 1821 1160 ecclesia
1848 1104 1902 1161 S.
1918 1102 2181 1162 Martialis
2211 1111 2379 1164 totum

136 1188 297 1246 diem
341 1186 593 1259 precibus
635 1192 1017 1246 consumsisse.
1087 1188 1298 1246 Deinde
1337 1190 1675 1246 Guilielmum
1717 1197 1772 1248 et
1800 1192 2173 1266 Raymundum,
2214 1195 2383 1252 abso-

135 1276 299 1333 lutos
328 1281 473 1334 metu
499 1277 853 1334 Normannico
883 1283 938 1334 et
963 1278 1201 1334 familiae
1227 1281 1410 1347 regiae
1437 1278 1507 1335 ob
1534 1278 1797 1337 beneficia
1824 1283 2085 1354 addictos,
2131 1284 2196 1340 ad
2225 1287 2383 1341 auxi-

137 1366 281 1423 lium
321 1372 562 1436 promtos
603 1365 873 1423 babuisse.
945 1366 1024 1423 lta
1063 1368 1232 1425 milite
1258 1368 1527 1438 Aquitauo
1556 1372 1901 1441 succinctum,
1944 1387 2042 1444 per
2068 1373 2381 1442 Burgundos

138 1457 204 1511 in
223 1454 622 1524 Lotbaringiam
641 1455 707 1510 ud
727 1458 927 1510 amicos
946 1455 1171 1528 redisse,
1190 1459 1248 1512 et
1269 1462 1393 1512 tunc
1409 1458 1603 1515 iterum
1633 1460 1685 1514 in
1706 1459 1993 1516 Robertum
2014 1463 2377 1519 contendisse.

140 1544 258 1602 Sed
304 1546 428 1615 quis
469 1543 670 1615 credat,
709 1543 845 1602 baec
873 1549 990 1600 tam
1030 1551 1243 1601 secreto
1282 1547 1371 1614 agi
1414 1549 1674 1619 potuisse,
1713 1553 1772 1602 ut
1798 1547 2087 1606 Robertum
2127 1549 2379 1608 fallerent

141 1634 573 1703 Burgundosque
614 1635 665 1689 ei
707 1634 949 1690 addictos
991 1639 1047 1690 et
1088 1646 1215 1691 sese
1261 1633 1400 1691 baud
1430 1634 1590 1692 dubie
1619 1650 1715 1708 per
1743 1642 1890 1693 tanta
1920 1641 2176 1694 terrsrmn
2204 1640 2379 1711 spatia

141 1723 394 1778 venienti
421 1722 747 1794 objecturos.
801 1722 991 1793 Neque
1016 1724 1072 1778 iu
1099 1738 1277 1795 pugna
1304 1739 1430 1779 mox
1456 1729 1642 1781 secuta
1670 1728 1871 1782 mentio
1898 1725 1957 1781 fit
1976 1727 2378 1796 Aquitanorum.

150 1809 508 1868 Continuator
523 1812 812 1881 Regiuonis
833 1811 994 1866 alium
1021 1811 1126 1867 boc
1153 1825 1290 1868 anno
1319 1813 1716 1882 expeditionem
1737 1813 1916 1870 Caroli
1932 1819 2210 1885 memorat,
2238 1815 2379 1872 baud

147 1899 561 1956 credibiliorem.
587 1899 853 1971 Irrupisse
871 1901 926 1956 in
942 1899 1209 1973 Alsatiam,
1228 1906 1282 1957 et
1295 1905 1488 1956 cuncta
1504 1915 1675 1971 usque
1692 1902 1758 1957 ad
1776 1901 2103 1971 moguntiam
2117 1904 2223 1959 sibi
2240 1903 2376 1959 sub-

135 1992 317 2061 Jicere
338 1993 599 2045 conatum.
635 1990 695 2046 Id
713 1988 928 2044 scilicet
945 1990 1320 2059 tempestivum
1340 1991 1528 2045 eratin
1542 1991 1806 2062 principe,
1823 2004 1894 2046 ne
1913 1991 2057 2046 domi
2076 1992 2291 2061 quidem
2310 2006 2372 2049 se

143 2079 284 2135 satis
305 2084 519 2134 tuente:
560 2082 613 2133 et
634 2079 753 2153 quis
776 2078 975 2147 credat,
996 2079 1151 2148 quasi
1174 2077 1432 2135 deessent
1453 2077 1654 2149 hostes,
1679 2092 1874 2134 novum
1897 2083 1953 2134 et
1976 2083 2250 2150 potentem
2272 2081 2372 2137 ad-

140 2169 439 2224 versarium
461 2168 759 2238 quaesisse.
810 2166 999 2237 ltaque
1017 2165 1301 2222 dicendum
1321 2171 1422 2237 est,
1442 2165 1578 2222 baec
1601 2169 1692 2236 (ut
1710 2166 1877 2222 multa
1890 2166 2000 2223 alia
2023 2168 2077 2223 in
2096 2167 2374 2237 Reginone

143 2269 176 2311 a
191 2257 308 2312 suis
327 2258 481 2311 annis
501 2254 687 2311 avulsa
702 2257 853 2323 sunt)
866 2255 933 2310 ad
945 2253 1070 2311 al).
1081 2254 1201 2311 920.
1213 2256 1499 2326 pertinere,
1508 2269 1628 2310 cum
1644 2254 1886 2327 Carolus,
1904 2255 2184 2312 intellecta
2201 2260 2375 2314 morte

143 2343 395 2415 Comdi,
423 2344 489 2399 ad
518 2342 772 2400 Franciae
794 2342 1068 2398 orientalis
1095 2357 1315 2412 regnum
1345 2345 1632 2415 aspiraret3
1668 2345 1816 2399 irrita
1844 2357 1959 2416 spe,
1984 2358 2089 2401 nec
2106 2345 2371 2402 duratura.

287 2436 340 2489 5.
411 2432 618 2488 Bellum
658 2443 788 2501 ergo
818 2430 1042 2488 Carolus
1079 2433 1137 2487 in
1164 2431 1502 2502 Lotbaringia
1537 2432 1692 2488 simul
1722 2433 2024 2489 sustinebat
2052 2437 2106 2489 et
2132 2433 2369 2506 parabat.

144 2522 305 2592 Boso,
326 2520 531 2577 liudolfi
553 2519 818 2591 Burgundi
838 2519 1018 2593 frater,
1037 2519 1312 2577 Ricuinum
1334 2524 1390 2577 in
1410 2522 1554 2578 lecto
1570 2520 1914 2589 languentem
1929 2521 2148 2589 occidit;
2172 2521 2370 2578 Lotba-

140 2613 378 2667 rie-sem
420 2611 668 2666 comitem
710 2613 1049 2679 interpretor,
1088 2611 1180 2680 qui
1219 2614 1345 2666 ante
1384 2609 1659 2666 biennium
1700 2609 1959 2666 adversus
1987 2609 2200 2680 Carolo,
2228 2625 2372 2668 nunc

143 2704 263 2757 sive
289 2699 656 2755 misericordia
683 2699 917 2754 infelicis
946 2700 1063 2754 sive
1092 2697 1448 2755 aemulatione
1483 2696 1776 2753 Giselberti
1813 2699 1869 2753 in
1905 2700 2123 2765 gratiam
2152 2713 2270 2754 cum
2298 2685 2368 2756 eo

141 2789 378 2844 redierit.
432 2787 608 2844 Nihilo
628 2791 809 2845 secius
829 2785 1052 2844 Carolus
1073 2788 1364 2842 exercitum
1381 2787 1440 2841 in
1459 2785 1743 2841 Robertum
1762 2784 1966 2841 eduxit:
1986 2785 2367 2844 Lotbarieuses

143 2876 462 2948 complures,
481 2878 642 2934 etiam
662 2882 751 2948 qui
771 2876 913 2931 hosti
928 2887 1100 2945 nuper
1118 2875 1445 2930 induciarum
1463 2874 1683 2929 obsides
1705 2874 1977 2944 dederunt,
1998 2887 2123 2930 sese
2140 2875 2366 2931 comites

146 2965 458 3038 praebuere.
555 2965 893 3021 Malbrancus
937 2961 1222 3019 Arnoldum
1278 2961 1559 3017 Flandriae
1599 2963 1845 3018 comitem
1889 2966 1947 3016 et
1986 2960 2201 3018 fratrem
2245 2966 2365 3033 ejus

139 3054 392 3111 Adoll'um
432 3055 704 3111 Bononiae
744 3068 863 3108 cum
906 3052 1078 3122 copiis
1118 3050 1336 3107 affuisse
1374 3050 1579 3106 scribit.
1665 3049 2051 3107 Theodericum
2090 3052 2253 3107 etiam
2294 3065 2365 3109 ex

142 3144 309 3200 Frisia
351 3144 410 3198 in
454 3143 693 3213 partibus
739 3140 911 3198 fuisse
954 3140 1144 3212 videri,
1189 3154 1312 3195 mox
1357 3140 1545 3195 dicam.
1607 3138 1793 3209 ltaque
1834 3138 1985 3195 Mosa
2026 3140 2361 3211 transmisso,

141 3234 459 3289 Attiniacum
477 3233 640 3302 venit,
680 3233 991 3302 magnisque
1008 3228 1289 3286 itineribus
1309 3227 1612 3300 liebertum,
1640 3228 1778 3299 apud
1797 3228 2123 3285 Suessiones
2139 3228 2363 3288 Axona

143 3322 486 3392 arridentem,
529 3320 847 3390 aggreditur.
902 3320 1039 3375 Huic
1083 3321 1423 3390 inexpectata
1465 3323 1581 3374 erat
1620 3318 1857 3388 irruptio,
1903 3320 2085 3388 credo,
2126 3317 2356 3374 induciis

139 3409 351 3477 fidenti3
389 3423 497 3465 nec
536 3422 666 3465 suos
703 3408 1051 3465 contrahendi
1087 3408 1320 3479 spatium
1363 3407 1557 3462 datum.
1641 3405 1740 3462 Die
1770 3406 2051 3478 dominica,
2092 3405 2224 3464 bora
2240 3409 2356 3477 jan

140 3503 291 3555 sexta
330 3497 713 3569 praeterlupsu,
755 3512 873 3552 curu
913 3511 981 3552 ea
1020 3496 1111 3551 die
1152 3495 1410 3566 praelium
1450 3510 1557 3551 non
1590 3499 1912 3567 speraretur,
1955 3494 2166 3566 plurimi
2194 3498 2357 3551 etiarn

137 3586 451 3643 Francorum
478 3587 829 3657 pranderent,
860 3584 1083 3642 Carolus
1112 3600 1231 3640 cum
1259 3583 1696 3640 Lotbariensibus
1724 3584 1965 3640 Axonam
1993 3584 2211 3638 transit:
2242 3583 2355 3639 Ro-

137 3674 338 3744 bertus,
364 3678 599 3747 armatis,
627 3676 717 3745 qui
736 3674 971 3743 aderant,
1001 3678 1185 3730 contra
1203 3673 1462 3744 procedit.
1513 3673 1816 3729 Commisso
1838 3671 2059 3746 praelio,
2081 3671 2262 3729 multis
2285 3671 2354 3728 ab

136 3769 359 3836 utraque
380 3770 533 3836 parte
562 3764 891 3834 cadentibus,
922 3762 1183 3818 Robertus
1208 3765 1330 3834 ipse
1356 3762 1548 3818 lancea
1575 3762 1856 3832 perfossus
1876 3760 2098 3817 cecidit:
2126 3762 2356 3820 victoria

131 3854 346 3926 quidem
373 3867 543 3925 penes
570 3857 746 3925 ipsum
773 3854 939 3923 stetit,
967 3851 1273 3908 ductoribus
1301 3851 1525 3921 lingone
1553 3849 1664 3907 filio
1695 3855 1750 3907 et
1776 3849 2074 3907 floriberto.
2133 3850 2354 3908 Turbati

133 3949 312 4000 umen
333 3947 508 3999 morte
526 3945 684 4013 regis,
715 3940 960 3998 Carolum
988 3955 1107 3995 cum
1133 3944 1246 3997 suis
1276 3940 1568 4009 fugientem
1591 3942 1863 4012 persecuti
1889 3955 1995 3996 non
2025 3943 2178 3996 sunt:
2216 3955 2352 4011 spo·

131 4031 207 4088 lia
231 4034 514 4088 rusticanis
544 4038 600 4088 et
625 4032 1093 4088 suessionensium
1134 4029 1454 4086 suburbanis
1481 4042 1718 4085 cessere.
1779 4026 2163 4101 impedimenta
2188 4031 2351 4086 etiam

133 4119 554 4178 Lofliafiensium
568 4122 623 4178 in
638 4122 849 4177 comitis
863 4120 1097 4190 Rotgarii
1115 4123 1437 4190 potestatem
1449 4132 1666 4189 venere,
1687 4119 1779 4188 qui
1793 4115 2101 4178 Laudunum
2115 4119 2349 4174 adduxit.

268 4209 321 4265 o.
393 4208 744 4267 Continuator
780 4210 1068 4279 Reginonis
1111 4221 1340 4279 eumque
1373 4211 1608 4279 secutus,
1651 4207 1934 4264 emendato
1975 4212 2153 4266 tamen
2189 4221 2349 4278 anuo,

131 4305 313 4354 noster
338 4299 604 4355 annalista
631 4299 888 4370 scribunt,
915 4296 1164 4353 Carolum
1199 4299 1371 4367 ipsum
1398 4298 1481 4352 ori
1507 4298 1722 4366 perjuro
1755 4296 1971 4355 Roberti
1997 4300 2071 4354 ita
2101 4297 2344 4353 lanceam

133 4385 385 4456 infixisse,
425 4393 484 4442 ut
509 4387 716 4444 diffissa
743 4388 946 4457 lingua,
969 4387 1196 4443 cervicis
1223 4387 1524 4457 posteriora
1549 4389 1869 4458 penetraret.
1939 4386 2049 4443 Sed
2074 4384 2206 4442 nibil
2233 4384 2347 4444 talo

134 4473 186 4531 iu
204 4473 425 4532 Gallicis
445 4477 795 4547 scriptoribus
821 4477 1065 4547 reperio:
1094 4487 1272 4546 neque
1298 4479 1484 4532 nostro
1511 4475 1690 4550 credo,
1718 4474 1884 4533 multa
1910 4473 2077 4532 millia
2094 4474 2346 4545 utrinque
