2817 4959
627 268 1165 342 ANNALES
1228 268 1697 340 runnu
2142 269 2272 340 655

61 450 291 523 decebat,
311 449 539 505 scientia
556 448 947 518 provectiorem
963 444 1165 519 scribit,
1183 459 1325 517 quae
1345 446 1454 517 ipsi
1476 448 1696 508 autores
1712 445 1930 503 veteres
1949 442 2270 504 indicasset:
2293 446 2372 518 Ag,
2384 443 2528 523 m,

61 541 176 597 huic
202 542 257 596 et
283 539 671 609 panegyricum·
693 535 905 593 ottonis
931 537 1110 605 Magni
1139 535 1297 592 dicat.
1368 534 1673 605 Scriptores
1713 533 1956 591 Saxones
1994 538 2278 606 sequiores

61 628 347 685 Bothonem
389 626 627 682 chronici
673 627 921 698 picturati
966 630 1205 681 autorem
1251 625 1442 696 secuti,
1486 624 1787 680 Brunonem
1829 621 2017 680 liberis
2061 624 2278 681 ilenrici
2366 686 2370 689 ,

61 717 264 788 addunt,
309 714 535 786 mediae,
583 714 670 770 vel
715 714 895 785 potius
940 716 1236 771 renovatae
1278 713 1482 769 veteris
1525 711 1997 770 Brunsvicensium
2039 712 2279 771 familiae

61 810 302 862 autorem.
374 803 434 859 ld
472 803 622 860 nullo
664 818 733 861 ex
771 804 1093 873 antiquitate
1132 806 1444 871 argumento
1491 802 1685 858 dictum
1725 801 1815 857 diu
1851 803 2050 873 putavi,
2097 815 2278 874 eoque

61 895 259 963 regrius
286 891 446 950 iidem
473 892 706 965 adhibui,
746 892 890 962 quod
916 893 967 946 is
996 891 1357 960 Balearicum
1394 888 1743 960 scriptoribus
1772 892 2060 962 ignoretur,
2100 890 2278 949 donec

61 985 388 1040 monumenta
416 981 675 1039 hactenus
703 981 1050 1038 inobservata
1076 993 1207 1038 sese
1235 979 1496 1052 obtulere,
1534 978 1728 1051 quibus
1755 978 2018 1036 Bothonis
2040 975 2320 1037 narratio'

61 1071 437 1143 comprobatur,
465 1071 533 1127 de
560 1085 667 1142 quo
695 1070 849 1127 inira.
889 1119 893 1123 .
923 1069 1184 1127 Henricus
1210 1071 1349 1140 patri
1378 1072 1435 1124 in
1462 1069 1655 1124 ducatu
1681 1069 1966 1140 Baioariae
1990 1051 2276 1126 suocoesst.

187 1158 272 1217 23.
344 1160 645 1216 Aventinus
689 1159 795 1215 hoc
834 1163 1075 1230 tempore
1121 1158 1222 1216 sub
1265 1158 1420 1215 ducis
1459 1159 1746 1214 autoritate
1789 1156 1946 1212 limiti
1989 1158 2279 1214 Austriace

61 1245 349 1320 praefuisse
379 1248 569 1306 scribit
598 1248 935 1318 Burcardum,
978 1246 1293 1304 carantanis
1320 1260 1449 1302 vero
1477 1245 1799 1316 Bertoldum,
1826 1245 2069 1301 Bertoldi
2103 1258 2278 1316 nuper

61 1336 196 1393 lucis
224 1334 409 1406 filium,
441 1336 508 1393 de
527 1352 631 1408 quo
661 1336 903 1409 pluribus
929 1333 1109 1392 infraq
1138 1334 1218 1391 De
1237 1333 1614 1390 Schirensibus
1642 1333 1732 1389 hic
1761 1332 2062 1402 disquirere
2107 1334 2279 1404 magis

61 1437 242 1494 »perae
287 1426 519 1496 pretium
566 1427 681 1481 erit.
769 1423 971 1481 Amulii
1018 1423 1168 1480 ducis
1212 1421 1356 1478 iiiios
1401 1423 1678 1478 nominant
1721 1424 1955 1493 veteres,
2002 1425 2059 1478 et
2099 1434 2169 1477 ex
2207 1422 2279 1479 iis

61 1512 340 1571 Aventinus
365 1512 748 1584 Eberhardnm,
774 1510 1053 1568 Amulium
1083 1514 1140 1567 et
1168 1510 1540 1566 normannum.
1591 1507 1934 1565 Eberhardus
1970 1522 2089 1565 cum
2122 1511 2279 1581 patre

61 1606 248 1659 nortuo
294 1601 548 1658 ducatum
587 1600 898 1655 inconsulto
941 1611 1073 1666 rege
1120 1603 1371 1667 tanquam
1415 1596 1520 1653 sibi
1565 1596 1803 1652 debitum
1845 1601 2182 1670 usurpasset,
2223 1601 2282 1656 et

61 1690 362 1762 >bsequium
404 1689 779 1758 detrectasset,
822 1700 932 1742 noa
960 1689 1164 1741 tautum
1198 1688 1525 1757 potestatem
1552 1687 1818 1755 arreptam
1846 1687 2039 1758 amisit,
2079 1686 2179 1743 sed
2206 1690 2280 1761 et,

61 1783 290 1837 narrante
330 1779 617 1847 Aventino,
664 1780 852 1846 captus
894 1777 951 1831 et
989 1777 1045 1828 in
1088 1773 1692 1844 Sueviam.·deportatns
1734 1775 1836 1830 est.
1910 1772 2130 1831 obiisse
2149 1776 2301 1848 jam„

61 1868 378 1939 aediderim,
422 1867 545 1935 qnia
574 1862 721 1920 nulla
748 1861 976 1934 amplius
1005 1863 1206 1922 mentio
1234 1863 1354 1929 ejus
1382 1860 1458 1919 iit.
1528 1859 1603 1917 Ab
1631 1862 1754 1931 ipso
1778 1865 2000 1919 veteres
2026 1863 2279 1921 Austriae

61 1954 380 2012 marchiones
428 1954 703 2024 ducesque
755 1949 1069 2007 Blendellus
1114 1953 1170 2005 et
1222 1949 1318 2005 alii
1372 1950 1588 2021 quidam
1633 1964 1746 2006 uon
1791 1951 1946 2007 recte
1992 1951 2278 2010 deducunt.

61 2043 256 2101 Fratres
282 2041 665 2100 reconciliatos
691 2041 825 2110 rogi,
853 2042 911 2095 et
937 2036 1079 2109 quod
1105 2052 1139 2094 a
1166 2037 1304 2094 duee
1331 2039 1643 2110 proximum,
1668 2036 1981 2108 praefectos
2006 2041 2277 2111 praetorio

61 2131 220 2191 iactos
266 2136 325 2191 et
366 2128 727 2197 Frisingensis
770 2125 1043 2183 ecciesiae
1087 2125 1399 2196 advocatos,
1447 2125 1592 2184 idem
1635 2125 1937 2183 Aventinus
1986 2129 2283 2188 memoriae

61 2221 296 2293 prodidit.
382 2218 624 2278 Comites
666 2214 938 2287 puatinos
976 2216 1130 2283 regni
1170 2213 1452 2283 Baioariae
1491 2213 1762 2288 intelligit,
1804 2215 1905 2272 sed
1930 2214 2036 2272 hoc
2062 2217 2132 2275 de
2157 2217 2289 2276 solo

61 2309 269 2368 hrnulio
312 2322 495 2366 veram
533 2307 766 2377 reperio,
808 2307 866 2361 et
903 2302 1174 2376 palatinos
1215 2303 1445 2360 comites
1489 2297 1646 2372 reg‘ni
1688 2307 1815 2361 tunc
1861 2301 2037 2362 fuisse
2075 2319 2280 2376 censeo

61 2400 273 2456 zomites
300 2396 467 2468 urbis,
511 2408 651 2467 quae
689 2394 838 2464 regia
876 2391 1241 2464 Baioariorum
1283 2394 1418 2461 erat,
1456 2394 1514 2449 ia
1541 2406 1647 2462 qua
1672 2393 1978 2463 primarium
2006 2393 2280 2469 palatium,

61 2499 238 2559 nempe
266 2484 415 2541 urbis
445 2483 869 2553 Ratisbonensis,
899 2493 1039 2552 quae
1065 2479 1341 2539 veteribus
1370 2480 1514 2539 dicta
1541 2481 1775 2538 creditur
1796 2482 2038 2551 Augusta
2064 2483 2280 2558 Tiberii,

61 2573 189 2646 ruod
228 2576 409 2628 tamen
448 2568 670 2628 velsero
712 2570 888 2626 minus
928 2567 1200 2637 probatur.
1269 2567 1340 2623 Et
1363 2583 1494 2626 vero
1534 2571 1836 2626 notavimus
1880 2582 1951 2626 ex
1986 2570 2280 2646 biographo

61 2659 298 2732 udalrici,
326 2656 609 2715 Amulium
640 2655 806 2712 filium
832 2654 1026 2711 Arnulii
1058 2655 1210 2711 ducis
1237 2654 1345 2710 dici
1375 2656 1624 2712 comitem
1653 2656 1962 2728 palatinum,
2005 2661 2062 2714 et
2098 2663 2280 2720 tamen

61 2748 277 2808 ’undem
314 2761 440 2804 mox
480 2747 642 2804 etiam
682 2742 944 2817 appellari
977 2742 1250 2799 amulium
1279 2741 1346 2801 de
1374 2744 1763 2816 Reginesburg.
1836 2743 1974 2809 Quid
2002 2749 2180 2803 actum
2206 2750 2280 2805 sit

61 2838 111 2896 le
138 2838 444 2896 Hermanno
483 2831 690 2891 Arnulfl
731 2831 911 2904 fratre,
951 2833 1007 2887 iu
1047 2831 1253 2902 praelio
1298 2832 1365 2888 ad
1405 2831 1777 2901 Menchingam
1817 2846 1958 2891 anno
1996 2835 2281 2906 superiore

61 2931 220 2999 rapto,
261 2939 372 2982 nou
408 2925 638 2981 constat.
709 2920 862 2993 Eum,
889 2917 1201 2977 Eberhardo
1227 2920 1432 2977 Franco
1460 2923 1515 2978 et
1550 2919 1855 2979 Giselberto
1888 2920 2196 2980 Mansnarie
2219 2924 2282 2992 in

61 3016 249 3086 >raclio
268 3014 539 3084 extinctis,
567 3013 624 3068 in
652 3011 902 3066 comitiva
927 3008 1115 3082 palatii
1141 3009 1273 3089 (sed
1292 3023 1451 3081 quam
1468 3008 1808 3067 Eberhardus
1834 3010 2035 3067 nullam
2062 3010 2281 3083 habuit)

61 3107 101 3159 it
126 3103 323 3159 ducatu
361 3100 659 3171 suffectum,
701 3099 889 3170 specio
917 3112 983 3155 ac
1009 3097 1355 3155 fundamento
1399 3102 1562 3168 caret,
1600 3098 1710 3154 imo
1738 3111 1843 3155 nec
1869 3100 2047 3156 locum
2073 3099 2280 3170 habere

61 3194 237 3264 potest,
266 3202 571 3261 quanquam
596 3190 673 3244 ita
701 3185 782 3243 Cl.
799 3185 1046 3258 Tolnero,
1073 3186 1189 3242 Nic.
1204 3187 1465 3255 vig-nierii
1492 3187 1824 3258 Burgundica
1851 3192 2059 3261 secuto,
2082 3190 2278 3249 videa-

61 3294 144 3351 ιιι,
169 3282 264 3351 qui
291 3278 494 3335 Eronis
520 3273 744 3348 palatini
764 3277 995 3346 comitis,
1020 3273 1310 3332 Mathildae
1329 3273 1529 3333 Ottone
1547 3275 1613 3332 11.
1644 3279 1870 3347 augusto
1895 3280 2058 3335 ustae
2084 3279 2278 3345 mariti,

61 3370 247 3436 patrem
274 3365 425 3423 tacit.
498 3365 605 3421 Sed
636 3366 756 3436 quis
784 3367 985 3421 tantum
1012 3362 1379 3421 Lothariensis
1408 3367 1560 3436 regni
1587 3366 1883 3436 principem
1910 3365 2192 3423 rebellium
2218 3370 2280 3425 in

61 3456 290 3525 Βαίου-ἐι
328 3454 683 3527 appendicem
723 3452 934 3522 credat3
983 3466 1170 3524 neque
1210 3458 1302 3509 aut
1344 3466 1446 3511 suo
1487 3457 1580 3510 aut
1632 3451 1872 3511 familiae
1911 3454 2101 3514 favore
2154 3469 2276 3512 eam

61 3545 183 3615 lpud
209 3557 489 3602 caesarem
523 3543 746 3612 gratiam
780 3541 964 3597 habuit
1005 3544 1265 3599 meruitve
1293 3544 1643 3614 normannus,
1682 3547 1742 3599 ut
1768 3542 1931 3612 longe
1958 3557 1992 3598 a
2019 3542 2176 3598 domo
2204 3542 2277 3600 ad

61 3646 285 3704 nagnam
326 3631 642 3702 dignitatem
683 3629 1034 3701 attolleretur,
1078 3645 1215 3701 quae
1257 3644 1390 3687 sane
1432 3631 1605 3688 latere
1643 3645 1745 3688 nos
1769 3645 1880 3688 non
1907 3635 2114 3704 posset,
2152 3644 2276 3689 cum

61 3733 131 3778 res
157 3721 542 3778 Letharienses
568 3719 728 3789 hujus
756 3720 1010 3790 temporis
1037 3721 1169 3775 satis
1198 3718 1511 3791 exploratae
1537 3719 1849 3777 habeantur.

181 3811 270 3868 24.
343 3810 504 3886 Rama
542 3807 823 3878 increbuit,
864 3807 1170 3864 Schireusis
1208 3809 1484 3879 cujusdam
1526 3810 1737 3866 comitis
1778 3808 1955 3882 ductu,
1994 3808 2275 3880 fingeres

61 3901 168 3955 tnnc
190 3901 250 3956 in
272 3898 611 3956 Germaniam
635 3898 870 3953 venisse.
942 3895 1077 3953 Eum
1115 3898 1361 3955 Andreas
1394 3898 1679 3970 presbyter
1715 3899 1771 3954 in
1799 3898 2052 3955 chronico
2081 3901 2275 3958 ducum

61 3984 299 4045 Bavariae
328 3987 642 4044 wernerum
670 3984 908 4058 appellat
936 3988 994 4042 et
1018 3986 1217 4044 Arnulti
1240 4001 1411 4059 nuper
1436 3989 1584 4045 caesi
1611 3986 1826 4044 &utrem
1853 3986 2002 4060 tacit,
2043 3990 2274 4047 Aventi-

61 4086 146 4130 nus
184 4078 239 4132 iu
278 4075 555 4134 schirensi
597 4073 847 4131 chronico
886 4078 1039 4132 recte
1077 4074 1260 4133 filium.
1331 4076 1459 4147 lpse
1496 4079 1676 4134 tamen
1714 4075 1993 4133 historiam
2023 4079 2189 4134 totam
2215 4079 2273 4134 ia

61 4160 258 4220 labium
286 4169 462 4236 vocat,
504 4163 647 4235 quod
675 4167 833 4220 etiam
864 4161 993 4222 iacit
1018 4164 1338 4237 Brnnnerus,
1379 4169 1436 4220 et
1468 4167 1648 4239 negat,
1686 4179 1749 4223 se
1775 4165 2021 4224 werneri
2047 4169 2140 4222 aut
2164 4165 2274 4224 im-

61 4256 237 4316 pactae
272 4251 652 4312 Schirensibus
690 4251 945 4310 infamiae
986 4254 1270 4322 vestigium
1310 4256 1601 4326 reperisse.
1670 4254 1781 4312 Sed
1813 4254 2027 4326 ottonis
2065 4255 2274 4314 Frisiu-

61 4341 226 4405 zensis
253 4340 452 4398 oblitus
481 4345 581 4416 est,
611 4346 667 4400 et
691 4341 871 4399 locum
899 4340 1177 4412 biographi
1202 4343 1563 4417 praetervidit,
1592 4347 1685 4416 qui
1709 4359 1835 4419 non,
1862 4346 1924 4401 nt
1946 4344 2271 4419 Brunnerus,

61 4437 156 4482 rem
197 4426 264 4485 ad
304 4428 454 4488 illam
495 4431 892 4503 expeditionem
931 4430 1303 4505 nungaricam,
1345 4445 1503 4504 quam
1531 4430 1809 4493 Conradns
1834 4433 2142 4492 moderatus
2165 4438 2272 4508 est,
