2817 4959
577 319 707 387 260
1141 313 1674 388 ΑΝΝΑΒΕΒ
1742 313 2202 386 iuranti

337 498 406 569 Α,
419 496 551 566 912,
576 499 792 562 essent3
820 507 944 551 nam
968 497 1025 550 in
1050 491 1156 550 hoc
1178 492 1421 550 seculum
1449 491 1566 550 iere
1589 492 1828 550 incident
1851 483 2088 563 origines
2115 489 2477 564 explerahiles
2504 492 2764 553 ula-ffir-

575 581 906 640 t'ainilianun.
957 580 1185 639 caetera
1210 580 1468 653 languent
1491 580 1732 639 males.
2709 654 2721 666 Ξ

712 672 797 727 11.
853 669 1104 728 carolum
1141 673 1323 727 tanen
1359 669 1451 725 diu
1473 673 1807 742 :torpentem
1842 671 1953 738 jani
1981 667 2195 727 tandem
2222 682 2350 741 spes
2378 672 2612 742 augendi
2634 673 2762 742 regni

568 759 837 819 excitavit.
901 759 1217 828 Plerumque
1239 757 1537 828 >ingerebat
1563 757 1734 828 soilli
1750 757 1983 814 ’fortuna
2020 771 2126 814 nen
2156 760 2292 815 satis
2318 762 2399 815 uti
2424 774 2610 829 gnare.
2656 761 2761 816 Ful-

565 851 723 912 ,coais
749 846 913 903 factio
941 860 1082 917 pene
1116 860 1338 917 puerum
1367 859 1551 917 regern
1584 846 1817 904 fecerat:
1860 845 2052 904 odone
2078 845 2291 903 aemulo
2320 850 2577 920 extincto,
2605 849 2762 905 redin-

566 938 797 1007 tegravit
837 950 1072 1006 regnum,
1119 935 1279 1005 quale
1305 933 1515 991 ‘fratres
1559 933 1881 991 habuerant:
1934 949 2075 991 nunc
2120 948 2217 1007 per
2261 939 2487 992 inertem
2533 935 2761 994 Ludovici

566 1025 930 1084 adolescentis
987 1024 1304 1082 Germaniae
1346 1025 1508 1094 rogis,
1562 1021 1915 1080 Lethariense
1958 1024 2207 1094 accessit,
2266 1025 2422 1092 cujus
2481 1027 2762 1096 propiore-

565 1111 735 1169 Rh‘eni
755 1117 962 1185 partein
981 1124 1088 1168 nec
1107 1115 1275 1184 pater,
1297 1125 1416 1183 nec,
1438 1112 1546 1167 nisi
1568 1110 1718 1167 brevi
1739 1115 2061 1182 irnscursu,
2076 1124 2222 1166 =avus
2249 1111 2371 1181 ipse
2399 1117 2658 1169 tenuerat.
2698 1111 2764 1168 Ea

563 1204 741 1273 portio
767 1205 883 1258 erat
906 1199 1204 1257 Germanici
1225 1201 1358 1269 juris
1385 1200 1512 1257 inde
1537 1200 1667 1256 a‘l'ii
1689 1198 1800 1255 filio
1822 1199 2094 1256 hanoviae
2104 1196 2448 1256 Germanico.
2484 1199 2763 1258 Ludovious

562 1289 721 1359 hujus
749 1289 894 1346 tilius
920 1292 1082 1346 etiam
1107 1290 1366 1360 reliquam
1392 1294 1598 1360 partem
1626 1293 1928 1360 acceperat,
1970 1286 2286 1343 cedentibus
2314 1287 2522 1345 Galliae
2548 1289 2763 1360 ragiens.

561 1378 769 1436 Exinde
797 1375 1098 1435 Germanici
1127 1380 1365 1449 corpon's
1393 1369 1686 1435 me'mbruin
1728 1390 1915 1433 omnes
1934 1374 2335 1433 ‘Letharienses
2372 1377 2499 1433 facti
2527 1377 2765 1435 videban-

562 1472 662 1539 tur,
704 1473 760 1525 et
799 1471 856 1524 in
896 1471 1017 1537 ejus
1053 1469 1315 1523 societate
1355 1478 1531 1537 usque
1572 1465 1639 1522 ad
1679 1464 1981 1521 conradum
2006 1477 2274 1520 mansere.
2332 1465 2497 1537 Nunc,
2527 1480 2636 1536 quo
2654 1470 2766 1535 jure

561 1568 735 1626 quave
781 1557 991 1626 injuria,
1038 1553 1285 1611 carolum
1325 1556 1466 1611 uitro
1514 1552 1762 1612 accibant
1807 1565 2065 1624 proceres
2111 1551 2352 1609 Conrado
2381 1554 2609 1609 inimici.
2660 1553 2770 1609 Nec

559 1656 803 1713 magnum
835 1646 1053 1713 tantum,
1081 1644 1178 1700 sed
1208 1649 1262 1698 et
1291 1642 1454 1698 facile
1489 1644 1879 1700 incrementum
1907 1641 2034 1707 t'uit;
2066 1643 2310 1711 quamvis
2333 1639 2672 1710 ultrajectum
2699 1640 2768 1696 eb

520 1737 533 1749 ·
559 1732 720 1786 situm
745 1731 802 1787 in
829 1728 1060 1786 Conradi
1099 1735 1374 1801 potestate
1416 1734 1624 1803 mansit,
1665 1730 1881 1801 aliaque
1914 1730 2114 1786 vicina.
2160 1728 2302 1798 Ergo
2336 1744 2504 1787 annos
2530 1731 2768 1800 largioris

556 1819 810 1889 indeptae
849 1817 1196 1877 haereditatis
1238 1819 1489 1875 Carolum
1529 1819 1597 1876 ab
1634 1821 1747 1876 hoc
1790 1833 1929 1876 anno
1974 1822 2333 1890 computasse,
2374 1819 2538 1874 variis
2581 1817 2767 1874 tabulis

558 1906 914 1963 consideratis
963 1911 1202 1965 statuunt
1254 1885 1583 1981 sirmondus,
1637 1907 1902 1972 Labheue,
1974 1906 2210 1979 nubilio,
2276 1905 2528 1962 Balusius
2583 1907 2768 1979 aliique

553 1994 736 2051 harum
764 2011 940 2053 rerum
968 1997 1279 2067 peritissimi
1297 1997 1437 2066 τίτί,
1478 1997 1581 2053 etsi
1609 2012 1658 2053 a.
1679 1995 1743 2052 D.
1770 1995 1891 2054 916.
1926 1994 2137 2050 demum
2163 2009 2214 2052 a
2222 1993 2562 2067 Lotbnringis
2589 2011 2768 2068 recep-

555 2087 666 2139 tum
695 2083 896 2139 scribat
913 2082 1244 2152 sigehertus,
1263 2084 1319 2137 in
1328 2083 1499 2139 rebus
1518 2082 1733 2155 quidem
1752 2097 1964 2140 suarum
1991 2086 2403 2153 ugionnnwn
2429 2085 2766 2154 spernendus,

555 2171 654 2227 sed
683 2175 861 2228 tamen
888 2170 1266 2239 chronologiae
1293 2183 1401 2226 non
1419 2170 1604 2227 bonus
1632 2174 1802 2227 autor.
1841 2168 2135 2241 Pei-plexos
2152 2172 2507 2230 nos-reddunt
2526 2173 2767 2246 frequen·

555 2262 641 2316 tes
682 2262 738 2314 in
779 2263 1075 2328 temporum
1113 2259 1351 2313 numeris
1389 2269 1490 2329 per
1528 2258 1826 2315 chartarum
1856 2262 2100 2315 veterum
2140 2259 2387 2332 exempla
2415 2264 2765 2333 corruptelae:

554 2348 762 2401 cunctis
809 2347 987 2400 tamen
1029 2343 1260 2416 collatis,
1295 2344 1458 2416 plura
1501 2344 1607 2402 huc
1645 2348 1968 2417 conspirant.
1998 2350 2060 2402 ut
2097 2361 2267 2406 annus
2306 2363 2575 2419 praesens
2612 2364 2767 2409 novae

553 2432 732 2489 Caroli
784 2431 1025 2502 epochae
1072 2434 1273 2502 primus
1323 2434 1591 2490 credatur.
1671 2433 1742 2490 Et
1793 2434 2202 2491 haesitationem
2254 2442 2536 2508 postremo
2578 2443 2768 2498 «exemit

553 2521 789 2594 diploma
830 2519 1088 2591 originale
1131 2519 1327 2594 carsii,
1363 2521 1520 2580 -a.·D.
1552 2523 1676 2580 917.
1717 2521 1915 2595 datum,
1955 2538 1988 2581 a
2024 2522 2317 2581 Habilione
2354 2528 2676 2602 inspectrm,
2709 2529 2768 2585 de

553 2625 662 2682 quo
690 2625 829 2668 inox.
876 2608 1243 2679 'rabulisergo
1265 2612 1601 2681 examinatis,
1628 2611 2056 2685 praeponderare
2084 2612 2411 2683 deprehendi
2438 2621 2766 2687 sententian,

553 2712 587 2755 a
613 2699 744 2756 viris
785 2698 959 2754 doctis
995 2703 1288 2771 recem,
1332 2701 1667 2770 primumque
1706 2713 1900 2755 aunum
1939 2702 2211 2770 muniis
2236 2703 2390 2775 apud
2426 2703 2765 2777 Letharlngos

553 2785 735 2845 Caroli
780 2791 1121 2860 praesentem
1165 2801 1309 2860 esse,
1350 2792 1461 2858 jam
1504 2788 1630 2845 inde
1671 2787 1739 2843 ab
1779 2788 1949 2860 Aprili
1986 2802 2192 2845 mense.
2246 2789 2435 2861 Itaque
2477 2795 2541 2850 in
2585 2793 2766 2865 placito
2806 2801 2807 2852 Ξ

550 2875 788 2950 publico,
829 2879 970 2933 circa
1009 2889 1227 2933 vernum
1269 2883 1480 2948 tempus
1518 2875 1721 2947 habito,
1768 2876 1983 2948 populis
2023 2880 2275 2950 agnitum,
2322 2874 2528 2951 pascha
2574 2881 2765 2938 Domini

551 2966 609 3023 in
635 2979 703 3023 ea
729 2968 950 3035 regione
992 2964 1303 3021 celebrasse
1336 2965 1538 3034 judico.
1601 2963 1894 3023 Crescebat
1933 2968 2190 3022 autoritas
2229 2970 2487 3040 principis
2518 2969 2629 3028 boc
2652 2984 2769 3026 suo-

554 3065 743 3118 cessu;
785 3066 908 3108 nam
938 3056 993 3107 et
1018 3052 1273 3109 Franciae
1300 3052 1550 3111 orientali
1574 3051 1813 3110 inhiabat
1824 3056 2112 3123 sanguinis
2129 3058 2275 3128 dure,
2304 3061 2364 3113 et
2390 3070 2583 3115 rerum
2608 3073 2769 3115 nova·

551 3141 796 3212 run'spe
822 3137 1065 3195 asseclas
1100 3140 1425 3199 inveniebat.
1496 3141 1606 3199 Sed
1644 3144 1901 3213 imparem
1941 3143 2188 3200 fortunae
2221 3148 2284 3201 et
2321 3145 2442 3202 aliis
2482 3145 2768 3204 obnoxium
2806 3163 2807 3168 ¹

552 3232 825 3300 postremo
853 3229 1015 3282 etiam
1042 3230 1128 3282 sui
1155 3228 1464 3286 destituere.
1514 3230 1666 3287 Nunc
1692 3228 1990 3287 tabularum
2015 3231 2214 3304 Caroli,
2238 3246 2460 3302 regnu·
2488 3233 2767 3291 Letharin·
2806 3283 2807 3290 ,

549 3318 727 3385 gicuna
763 3314 868 3374 sibi
907 3314 1207 3389 tribuentis,
1243 3317 1534 3378 indiculum
1575 3317 1936 3392 subjiciamus,
1966 3334 2109 3390 -quas
2143 3322 2201 3376 in
2230 3333 2337 3378 suo
2364 3324 2612 3394 shgulas
2636 3337 2768 3382 anno

550 3403 970 3476 explanabimus.

626 3493 690 3551 A.
718 3496 783 3552 D.
823 3497 945 3554 913.
981 3494 1091 3552 ind.
1122 3497 1170 3570 1,
1209 3500 1361 3568 regni
1400 3498 1485 3570 21,
1524 3498 1872 3570 redintegrati
1913 3499 1999 3573 16,
2051 3499 2296 3571 largioris
2338 3498 2564 3558 haered.
2592 3501 2643 3558 2.
2675 3512 2767 3572 pro

551 3586 793 3644 Ratbodo
820 3584 1227 3658 archiepiscopo
1252 3586 1572 3643 Trevirensi.
2806 3645 2807 3648 ,

620 3676 683 3731 A.
711 3675 774 3732 D.
816 3674 938 3731 914.
979 3676 1085 3732 ind.
1115 3675 1168 3746 2,
1206 3677 1355 3744 regni
1384 3674 1469 3746 22,
1508 3675 1700 3734 redint.
1730 3676 1813 3749 17,
1840 3674 1970 3746 larg.
1998 3676 2145 3734 haer.
2172 3676 2223 3732 3.
2261 3691 2358 3749 pro
2386 3675 2767 3736 Gorziensibus
2806 3691 2807 3754 j

549 3764 841 3823 monachis.

615 3853 673 3906 A.
701 3853 766 3908 D.
809 3853 930 3912 915.
970 3852 1080 3908 ind.
1109 3851 1180 3922 3,
1194 3849 1350 3922 ‘regni
1378 3851 1465 3925 23,
1505 3854 1696 3910 redint.
1730 3853 1811 3924 18,
1838 3853 1968 3923 larg.
1994 3851 2139 3911 haer.
2168 3854 2224 3908 4.
2265 3866 2360 3923 pro
2401 3852 2457 3910 S.
2486 3852 2772 3912 Lamberto

543 3938 852 3998 Leodiensi.

614 4029 677 4083 A.
706 4026 770 4084 D.
811 4027 934 4085 916.
973 4028 1082 4086 ind.
1108 4031 1160 4101 4,
1200 4031 1353 4101 regni
1381 4029 1468 4103 24,
1507 4030 1699 4088 redint.
1735 4030 1816 4102 19,
1848 4029 1978 4102 larg.
2019 4030 2165 4088 haer.
2195 4034 2245 4087 5.
2302 4044 2400 4105 pro
2439 4032 2774 4089 monasterio

545 4115 936 4173 Balueolensi.

613 4205 671 4259 A.
701 4202 763 4260 D.
804 4202 927 4260 917.
968 4205 1074 4261 ind.
1104 4209 1170 4278 5,
1196 4210 1346 4278 regni
1373 4208 1461 4280 25,
1500 4208 1692 4265 redint.
1711 4208 1796 4279 20,
1814 4207 1944 4278 larg.
1972 4207 2118 4264 haer.
2143 4208 2193 4264 6.
2220 4222 2317 4281 pro
2345 4207 2588 4264 ecclesia
2614 4207 2777 4265 Com-

545 4293 843 4365 pendiensi.

615 4383 671 4439 A.
698 4382 760 4438 D.
802 4381 922 4438 918.
964 4381 1071 4439 ind.
1099 4383 1148 4455 6,
1189 4389 1336 4454 regni
1367 4386 1451 4453 26,
1494 4386 1682 4441 redint.
1714 4386 1798 4457 21,
1825 4384 1956 4456 larg.
1982 4385 2129 4444 haer.
2148 4387 2200 4444 6.
2225 4383 2500 4455 (Γοι107.)
2550 4386 2615 4443 S.
2622 4335 2807 4496 6οΡΞ

543 4483 681 4527 man.
710 4472 759 4526 2.
789 4471 869 4531 ld.
891 4469 1036 4544 hiasi,
1063 4473 1202 4540 apud
1229 4474 1481 4529 Bestium.

2806 4525 2807 4642 Ξ

2806 4649 2807 4710 Ξ

2806 4743 2807 4780 Ξ

2805 4859 2807 4930 Ξ
