<?xml version="1.0" encoding="UTF-8"?>
<!DOCTYPE html PUBLIC "-//W3C//DTD XHTML 1.0 Transitional//EN"
    "http://www.w3.org/TR/xhtml1/DTD/xhtml1-transitional.dtd">
<html xmlns="http://www.w3.org/1999/xhtml" xml:lang="en" lang="en">
 <head>
  <title>
</title>
<meta http-equiv="Content-Type" content="text/html;charset=utf-8" />
  <meta name='ocr-system' content='tesseract 3.04.00' />
  <meta name='ocr-capabilities' content='ocr_page ocr_carea ocr_par ocr_line ocrx_word'/>
</head>
<body>
  <div class='ocr_page' id='page_1' title='image "./godofrwilhleibn00pertgoog_0363.png"; bbox 0 0 2817 4959; ppageno 0'>
   <div class='ocr_carea' id='block_1_1' title="bbox 635 329 2285 420">
    <p class='ocr_par' dir='ltr' id='par_1_1' title="bbox 635 329 2285 420">
     <span class='ocr_line' id='line_1_1' title="bbox 635 329 2285 420; baseline 0.003 -5"><span class='ocrx_word' id='word_1_1' title='bbox 635 329 1163 416; x_wconf 72' lang='lat' dir='ltr'>ANNALES</span> <span class='ocrx_word' id='word_1_2' title='bbox 1232 350 1703 418; x_wconf 65' lang='lat' dir='ltr'><strong>mireari</strong></span> <span class='ocrx_word' id='word_1_3' title='bbox 2150 353 2285 420; x_wconf 65' lang='lat' dir='ltr'><strong>aas·</strong></span> 
     </span>
    </p>
   </div>
   <div class='ocr_carea' id='block_1_2' title="bbox 18 524 2519 4590">
    <p class='ocr_par' dir='ltr' id='par_1_2' title="bbox 18 524 2519 3952">
     <span class='ocr_line' id='line_1_2' title="bbox 29 524 2519 597; baseline 0.004 -21"><span class='ocrx_word' id='word_1_4' title='bbox 29 536 168 592; x_wconf 64' lang='lat' dir='ltr'><strong>go,</strong></span> <span class='ocrx_word' id='word_1_5' title='bbox 235 526 299 577; x_wconf 86' lang='lat' dir='ltr'><strong>ut</strong></span> <span class='ocrx_word' id='word_1_6' title='bbox 343 524 399 578; x_wconf 89' lang='lat' dir='ltr'><strong>in</strong></span> <span class='ocrx_word' id='word_1_7' title='bbox 443 535 638 579; x_wconf 81' lang='lat' dir='ltr'><strong>novem</strong></span> <span class='ocrx_word' id='word_1_8' title='bbox 683 538 853 580; x_wconf 85' lang='lat' dir='ltr'><strong>annos</strong></span> <span class='ocrx_word' id='word_1_9' title='bbox 898 525 1159 581; x_wconf 78' lang='lat' dir='ltr'><strong>induciae</strong></span> <span class='ocrx_word' id='word_1_10' title='bbox 1189 529 1390 582; x_wconf 82' lang='lat' dir='ltr'><strong>esseut.</strong></span> <span class='ocrx_word' id='word_1_11' title='bbox 1462 526 1703 583; x_wconf 81' lang='lat' dir='ltr'><strong>Annuam</strong></span> <span class='ocrx_word' id='word_1_12' title='bbox 1746 529 1905 582; x_wconf 87' lang='lat' dir='ltr'><strong>etiam</strong></span> <span class='ocrx_word' id='word_1_13' title='bbox 1951 528 2267 597; x_wconf 73' lang='lat' dir='ltr'><strong>pensionem</strong></span> <span class='ocrx_word' id='word_1_14' title='bbox 2298 525 2519 596; x_wconf 43' lang='grc' dir='ltr'><strong>ὼκεί.</strong></span> 
     </span>
     <span class='ocr_line' id='line_1_3' title="bbox 27 611 2279 688; baseline 0.002 -21"><span class='ocrx_word' id='word_1_15' title='bbox 27 615 256 676; x_wconf 61' lang='lat' dir='ltr'><strong>lotoe,</strong></span> <span class='ocrx_word' id='word_1_16' title='bbox 299 611 499 668; x_wconf 87' lang='lat' dir='ltr'><strong>iudicia</strong></span> <span class='ocrx_word' id='word_1_17' title='bbox 539 612 749 668; x_wconf 86' lang='lat' dir='ltr'><strong>adsunt.</strong></span> <span class='ocrx_word' id='word_1_18' title='bbox 849 612 1062 669; x_wconf 77' lang='lat' dir='ltr'><strong>Fatetur</strong></span> <span class='ocrx_word' id='word_1_19' title='bbox 1101 616 1258 669; x_wconf 78' lang='lat' dir='ltr'><strong>euim</strong></span> <span class='ocrx_word' id='word_1_20' title='bbox 1289 613 1627 688; x_wconf 70' lang='lat' dir='ltr'><strong>witikindus,</strong></span> <span class='ocrx_word' id='word_1_21' title='bbox 1668 614 2010 671; x_wconf 81' lang='lat' dir='ltr'><strong>barbarorum</strong></span> <span class='ocrx_word' id='word_1_22' title='bbox 2051 616 2279 688; x_wconf 81' lang='lat' dir='ltr'><strong>legatos,</strong></span> 
     </span>
     <span class='ocr_line' id='line_1_4' title="bbox 26 699 1296 773; baseline 0.002 -18"><span class='ocrx_word' id='word_1_23' title='bbox 26 701 208 755; x_wconf 79' lang='lat' dir='ltr'><strong>uitis</strong></span> <span class='ocrx_word' id='word_1_24' title='bbox 239 699 493 771; x_wconf 79' lang='lat' dir='ltr'><strong>induciis,</strong></span> <span class='ocrx_word' id='word_1_25' title='bbox 521 700 683 757; x_wconf 89' lang='lat' dir='ltr'><strong>solita</strong></span> <span class='ocrx_word' id='word_1_26' title='bbox 709 714 928 756; x_wconf 79' lang='lat' dir='ltr'><strong>munera</strong></span> <span class='ocrx_word' id='word_1_27' title='bbox 956 705 1296 773; x_wconf 75' lang='lat' dir='ltr'><strong>poposcisse.</strong></span> 
     </span>
     <span class='ocr_line' id='line_1_5' title="bbox 173 787 2278 862; baseline 0.004 -18"><span class='ocrx_word' id='word_1_28' title='bbox 173 787 243 844; x_wconf 75' lang='lat'><strong>2.</strong></span> <span class='ocrx_word' id='word_1_29' title='bbox 321 787 473 850; x_wconf 86' lang='lat' dir='ltr'><strong>Quae</strong></span> <span class='ocrx_word' id='word_1_30' title='bbox 515 789 645 844; x_wconf 87' lang='lat' dir='ltr'><strong>urbs</strong></span> <span class='ocrx_word' id='word_1_31' title='bbox 686 788 884 860; x_wconf 85' lang='lat' dir='ltr'><strong>Worla,</strong></span> <span class='ocrx_word' id='word_1_32' title='bbox 934 805 1042 846; x_wconf 88' lang='lat' dir='ltr'><strong>non</strong></span> <span class='ocrx_word' id='word_1_33' title='bbox 1086 793 1228 845; x_wconf 77' lang='lat' dir='ltr'><strong>satis-</strong></span> <span class='ocrx_word' id='word_1_34' title='bbox 1267 797 1493 846; x_wconf 78' lang='lat' dir='ltr'><strong>censtat.</strong></span> <span class='ocrx_word' id='word_1_35' title='bbox 1566 790 1665 846; x_wconf 84' lang='lat' dir='ltr'><strong>Est</strong></span> <span class='ocrx_word' id='word_1_36' title='bbox 1704 793 1757 845; x_wconf 87' lang='lat' dir='ltr'><strong>iu</strong></span> <span class='ocrx_word' id='word_1_37' title='bbox 1800 790 2083 849; x_wconf 78' lang='lat' dir='ltr'><strong>Westialia</strong></span> <span class='ocrx_word' id='word_1_38' title='bbox 2120 794 2278 862; x_wconf 74' lang='lat' dir='ltr'><strong>liujus</strong></span> 
     </span>
     <span class='ocr_line' id='line_1_6' title="bbox 24 875 2281 949; baseline 0.003 -17"><span class='ocrx_word' id='word_1_39' title='bbox 24 877 298 947; x_wconf 63' lang='lat' dir='ltr'><strong>nominis,</strong></span> <span class='ocrx_word' id='word_1_40' title='bbox 355 891 514 946; x_wconf 74' lang='lat' dir='ltr'><strong>quam</strong></span> <span class='ocrx_word' id='word_1_41' title='bbox 559 875 876 934; x_wconf 67' lang='lat' dir='ltr'><strong>meibomius</strong></span> <span class='ocrx_word' id='word_1_42' title='bbox 923 882 980 932; x_wconf 87' lang='lat' dir='ltr'><strong>et</strong></span> <span class='ocrx_word' id='word_1_43' title='bbox 1024 877 1368 934; x_wconf 83' lang='lat' dir='ltr'><strong>doctissimus</strong></span> <span class='ocrx_word' id='word_1_44' title='bbox 1416 879 1705 949; x_wconf 84' lang='lat' dir='ltr'><strong>episcopus</strong></span> <span class='ocrx_word' id='word_1_45' title='bbox 1751 879 2112 939; x_wconf 78' lang='lat' dir='ltr'><strong>Fordinandus</strong></span> <span class='ocrx_word' id='word_1_46' title='bbox 2152 887 2281 939; x_wconf 76' lang='lat' dir='ltr'><strong>tnnc</strong></span> 
     </span>
     <span class='ocr_line' id='line_1_7' title="bbox 24 964 2279 1047; baseline 0.003 -26"><span class='ocrx_word' id='word_1_47' title='bbox 24 978 320 1021; x_wconf 76' lang='lat' dir='ltr'><strong>nsessam</strong></span> <span class='ocrx_word' id='word_1_48' title='bbox 364 969 568 1036; x_wconf 71' lang='lat' dir='ltr'><strong>putat,</strong></span> <span class='ocrx_word' id='word_1_49' title='bbox 610 964 803 1036; x_wconf 87' lang='lat' dir='ltr'><strong>quibus</strong></span> <span class='ocrx_word' id='word_1_50' title='bbox 840 978 1013 1037; x_wconf 86' lang='lat' dir='ltr'><strong>nuper</strong></span> <span class='ocrx_word' id='word_1_51' title='bbox 1047 969 1340 1022; x_wconf 76' lang='lat' dir='ltr'><strong>assentitur</strong></span> <span class='ocrx_word' id='word_1_52' title='bbox 1375 967 1566 1023; x_wconf 87' lang='lat' dir='ltr'><strong>doctus</strong></span> <span class='ocrx_word' id='word_1_53' title='bbox 1596 966 2014 1026; x_wconf 82' lang='lat' dir='ltr'><strong>Goslariensium</strong></span> <span class='ocrx_word' id='word_1_54' title='bbox 2051 970 2279 1047; x_wconf 84' lang='lat' dir='ltr'><strong>scriptor</strong></span> 
     </span>
     <span class='ocr_line' id='line_1_8' title="bbox 24 1052 2280 1131; baseline 0.003 -23"><span class='ocrx_word' id='word_1_55' title='bbox 24 1053 396 1110; x_wconf 76' lang='lat' dir='ltr'><strong>Ieineccius.</strong></span> <span class='ocrx_word' id='word_1_56' title='bbox 436 1054 503 1109; x_wconf 83' lang='lat' dir='ltr'><strong>Et</strong></span> <span class='ocrx_word' id='word_1_57' title='bbox 530 1067 663 1109; x_wconf 87' lang='lat' dir='ltr'><strong>sane</strong></span> <span class='ocrx_word' id='word_1_58' title='bbox 690 1052 881 1109; x_wconf 91' lang='lat' dir='ltr'><strong>crebro</strong></span> <span class='ocrx_word' id='word_1_59' title='bbox 908 1053 1023 1108; x_wconf 86' lang='lat' dir='ltr'><strong>illic</strong></span> <span class='ocrx_word' id='word_1_60' title='bbox 1050 1060 1244 1125; x_wconf 87' lang='lat' dir='ltr'><strong>postea</strong></span> <span class='ocrx_word' id='word_1_61' title='bbox 1269 1069 1429 1123; x_wconf 81' lang='lat' dir='ltr'><strong>reges</strong></span> <span class='ocrx_word' id='word_1_62' title='bbox 1458 1068 1634 1127; x_wconf 74' lang='lat' dir='ltr'><strong>egere,</strong></span> <span class='ocrx_word' id='word_1_63' title='bbox 1660 1057 1754 1112; x_wconf 87' lang='lat' dir='ltr'><strong>ubi</strong></span> <span class='ocrx_word' id='word_1_64' title='bbox 1781 1063 1837 1114; x_wconf 85' lang='lat' dir='ltr'><strong>et</strong></span> <span class='ocrx_word' id='word_1_65' title='bbox 1862 1058 2115 1131; x_wconf 85' lang='lat' dir='ltr'><strong>palatium</strong></span> <span class='ocrx_word' id='word_1_66' title='bbox 2134 1061 2280 1115; x_wconf 89' lang='lat' dir='ltr'><strong>anti-</strong></span> 
     </span>
     <span class='ocr_line' id='line_1_9' title="bbox 22 1140 2283 1212; baseline 0.004 -16"><span class='ocrx_word' id='word_1_67' title='bbox 22 1156 204 1212; x_wconf 82' lang='lat' dir='ltr'><strong>[uum</strong></span> <span class='ocrx_word' id='word_1_68' title='bbox 233 1147 566 1209; x_wconf 87' lang='lat' dir='ltr'><strong>memorant;</strong></span> <span class='ocrx_word' id='word_1_69' title='bbox 612 1140 773 1198; x_wconf 82' lang='lat' dir='ltr'><strong>bodie</strong></span> <span class='ocrx_word' id='word_1_70' title='bbox 812 1140 940 1198; x_wconf 89' lang='lat' dir='ltr'><strong>urbs</strong></span> <span class='ocrx_word' id='word_1_71' title='bbox 982 1146 1069 1197; x_wconf 88' lang='lat' dir='ltr'><strong>est</strong></span> <span class='ocrx_word' id='word_1_72' title='bbox 1099 1144 1237 1210; x_wconf 76' lang='lat' dir='ltr'><strong>juris</strong></span> <span class='ocrx_word' id='word_1_73' title='bbox 1280 1142 1637 1200; x_wconf 84' lang='lat' dir='ltr'><strong>Coloniensis.</strong></span> <span class='ocrx_word' id='word_1_74' title='bbox 1676 1147 1683 1153; x_wconf 83' lang='grc'><strong>’</strong></span> <span class='ocrx_word' id='word_1_75' title='bbox 1728 1145 2057 1204; x_wconf 45' lang='grc' dir='ltr'><strong>Νοιιιίῃιιιῑιτ,</strong></span> <span class='ocrx_word' id='word_1_76' title='bbox 2079 1150 2136 1203; x_wconf 88' lang='lat' dir='ltr'><strong>et</strong></span> <span class='ocrx_word' id='word_1_77' title='bbox 2170 1147 2283 1204; x_wconf 83' lang='lat' dir='ltr'><strong>alia</strong></span> 
     </span>
     <span class='ocr_line' id='line_1_10' title="bbox 22 1229 2279 1301; baseline 0.003 -16"><span class='ocrx_word' id='word_1_78' title='bbox 22 1233 76 1285; x_wconf 68' lang='grc' dir='ltr'><em>Ν</em></span> <span class='ocrx_word' id='word_1_79' title='bbox 86 1230 230 1286; x_wconf 85' lang='lat' dir='ltr'><strong>erla</strong></span> <span class='ocrx_word' id='word_1_80' title='bbox 257 1232 320 1286; x_wconf 85' lang='lat' dir='ltr'><strong>in</strong></span> <span class='ocrx_word' id='word_1_81' title='bbox 345 1229 598 1300; x_wconf 73' lang='lat' dir='ltr'><strong>venedis,</strong></span> <span class='ocrx_word' id='word_1_82' title='bbox 639 1231 781 1285; x_wconf 85' lang='lat' dir='ltr'><strong>uude</strong></span> <span class='ocrx_word' id='word_1_83' title='bbox 809 1230 1078 1301; x_wconf 82' lang='lat' dir='ltr'><strong>principes</strong></span> <span class='ocrx_word' id='word_1_84' title='bbox 1109 1229 1472 1287; x_wconf 87' lang='lat' dir='ltr'><strong>Obotritorum</strong></span> <span class='ocrx_word' id='word_1_85' title='bbox 1500 1232 1569 1288; x_wconf 94' lang='lat' dir='ltr'><strong>de</strong></span> <span class='ocrx_word' id='word_1_86' title='bbox 1596 1233 1778 1289; x_wconf 81' lang='lat' dir='ltr'><strong>Weria</strong></span> <span class='ocrx_word' id='word_1_87' title='bbox 1805 1238 1861 1289; x_wconf 89' lang='lat' dir='ltr'><strong>et</strong></span> <span class='ocrx_word' id='word_1_88' title='bbox 1885 1236 2090 1292; x_wconf 86' lang='lat' dir='ltr'><strong>Wenda</strong></span> <span class='ocrx_word' id='word_1_89' title='bbox 2119 1236 2279 1291; x_wconf 87' lang='lat' dir='ltr'><strong>dicti:</strong></span> 
     </span>
     <span class='ocr_line' id='line_1_11' title="bbox 20 1318 2283 1394; baseline 0.002 -21"><span class='ocrx_word' id='word_1_90' title='bbox 20 1319 125 1375; x_wconf 69' lang='lat' dir='ltr'><strong>ted</strong></span> <span class='ocrx_word' id='word_1_91' title='bbox 170 1331 332 1388; x_wconf 76' lang='lat' dir='ltr'><strong>eam,</strong></span> <span class='ocrx_word' id='word_1_92' title='bbox 369 1332 487 1375; x_wconf 86' lang='lat' dir='ltr'><strong>cam</strong></span> <span class='ocrx_word' id='word_1_93' title='bbox 516 1318 863 1375; x_wconf 83' lang='lat' dir='ltr'><strong>Transalbina</strong></span> <span class='ocrx_word' id='word_1_94' title='bbox 893 1322 979 1390; x_wconf 89' lang='lat' dir='ltr'><strong>sit,</strong></span> <span class='ocrx_word' id='word_1_95' title='bbox 1020 1321 1194 1374; x_wconf 89' lang='lat' dir='ltr'><strong>minus</strong></span> <span class='ocrx_word' id='word_1_96' title='bbox 1221 1319 1289 1374; x_wconf 86' lang='lat' dir='ltr'><strong>ad</strong></span> <span class='ocrx_word' id='word_1_97' title='bbox 1316 1335 1430 1375; x_wconf 85' lang='lat' dir='ltr'><strong>rem</strong></span> <span class='ocrx_word' id='word_1_98' title='bbox 1458 1319 1641 1378; x_wconf 76' lang='lat' dir='ltr'><strong>facere</strong></span> <span class='ocrx_word' id='word_1_99' title='bbox 1669 1327 1854 1394; x_wconf 87' lang='lat' dir='ltr'><strong>putes:</strong></span> <span class='ocrx_word' id='word_1_100' title='bbox 1882 1325 2026 1380; x_wconf 87' lang='lat' dir='ltr'><strong>idem</strong></span> <span class='ocrx_word' id='word_1_101' title='bbox 2053 1325 2283 1393; x_wconf 71' lang='lat' dir='ltr'><strong>obiicias</strong></span> 
     </span>
     <span class='ocr_line' id='line_1_12' title="bbox 20 1406 2281 1480; baseline 0.002 -17"><span class='ocrx_word' id='word_1_102' title='bbox 20 1411 80 1464; x_wconf 77' lang='lat' dir='ltr'><strong>et</strong></span> <span class='ocrx_word' id='word_1_103' title='bbox 105 1406 491 1462; x_wconf 71' lang='lat' dir='ltr'><strong>westfalicae</strong></span> <span class='ocrx_word' id='word_1_104' title='bbox 533 1413 676 1464; x_wconf 85' lang='lat' dir='ltr'><strong>trans</strong></span> <span class='ocrx_word' id='word_1_105' title='bbox 717 1410 995 1478; x_wconf 82' lang='lat' dir='ltr'><strong>Visurgim,</strong></span> <span class='ocrx_word' id='word_1_106' title='bbox 1037 1410 1193 1478; x_wconf 85' lang='lat' dir='ltr'><strong>quasi</strong></span> <span class='ocrx_word' id='word_1_107' title='bbox 1231 1409 1505 1464; x_wconf 77' lang='lat' dir='ltr'><strong>remotiori</strong></span> <span class='ocrx_word' id='word_1_108' title='bbox 1547 1410 1613 1466; x_wconf 89' lang='lat' dir='ltr'><strong>ab</strong></span> <span class='ocrx_word' id='word_1_109' title='bbox 1655 1412 1915 1480; x_wconf 81' lang='lat' dir='ltr'><strong>Hungaris</strong></span> <span class='ocrx_word' id='word_1_110' title='bbox 1947 1415 2004 1468; x_wconf 87' lang='lat' dir='ltr'><strong>in</strong></span> <span class='ocrx_word' id='word_1_111' title='bbox 2037 1412 2281 1469; x_wconf 82' lang='lat' dir='ltr'><strong>Ostfalos</strong></span> 
     </span>
     <span class='ocr_line' id='line_1_13' title="bbox 20 1494 2280 1571; baseline 0.004 -21"><span class='ocrx_word' id='word_1_112' title='bbox 20 1494 444 1566; x_wconf 75' lang='lat' dir='ltr'><strong>ingruentibus,</strong></span> <span class='ocrx_word' id='word_1_113' title='bbox 483 1510 640 1566; x_wconf 89' lang='lat' dir='ltr'><strong>quam</strong></span> <span class='ocrx_word' id='word_1_114' title='bbox 668 1500 725 1551; x_wconf 88' lang='lat' dir='ltr'><strong>ut</strong></span> <span class='ocrx_word' id='word_1_115' title='bbox 751 1495 1074 1552; x_wconf 82' lang='lat' dir='ltr'><strong>fortissimus</strong></span> <span class='ocrx_word' id='word_1_116' title='bbox 1101 1511 1200 1553; x_wconf 84' lang='lat' dir='ltr'><strong>rex</strong></span> <span class='ocrx_word' id='word_1_117' title='bbox 1227 1502 1334 1553; x_wconf 89' lang='lat' dir='ltr'><strong>tam</strong></span> <span class='ocrx_word' id='word_1_118' title='bbox 1357 1498 1517 1567; x_wconf 80' lang='lat' dir='ltr'><strong>longe</strong></span> <span class='ocrx_word' id='word_1_119' title='bbox 1546 1498 1615 1553; x_wconf 89' lang='lat' dir='ltr'><strong>ab</strong></span> <span class='ocrx_word' id='word_1_120' title='bbox 1642 1498 1872 1557; x_wconf 78' lang='lat' dir='ltr'><strong>bostium</strong></span> <span class='ocrx_word' id='word_1_121' title='bbox 1902 1507 2196 1571; x_wconf 86' lang='lat' dir='ltr'><strong>conspectu</strong></span> <span class='ocrx_word' id='word_1_122' title='bbox 2222 1503 2280 1558; x_wconf 85' lang='lat' dir='ltr'><strong>iu</strong></span> 
     </span>
     <span class='ocr_line' id='line_1_14' title="bbox 18 1584 2289 1661; baseline 0.003 -23"><span class='ocrx_word' id='word_1_123' title='bbox 18 1584 280 1640; x_wconf 81' lang='lat' dir='ltr'><strong>latebris</strong></span> <span class='ocrx_word' id='word_1_124' title='bbox 333 1586 512 1654; x_wconf 81' lang='lat' dir='ltr'><strong>egisse</strong></span> <span class='ocrx_word' id='word_1_125' title='bbox 559 1585 815 1641; x_wconf 81' lang='lat' dir='ltr'><strong>videatur.</strong></span> <span class='ocrx_word' id='word_1_126' title='bbox 902 1584 970 1640; x_wconf 88' lang='lat' dir='ltr'><strong>Et</strong></span> <span class='ocrx_word' id='word_1_127' title='bbox 1013 1590 1192 1641; x_wconf 87' lang='lat' dir='ltr'><strong>tamen</strong></span> <span class='ocrx_word' id='word_1_128' title='bbox 1240 1584 1438 1657; x_wconf 84' lang='lat' dir='ltr'><strong>aliquis</strong></span> <span class='ocrx_word' id='word_1_129' title='bbox 1482 1589 1743 1657; x_wconf 87' lang='lat' dir='ltr'><strong>suspicari</strong></span> <span class='ocrx_word' id='word_1_130' title='bbox 1788 1590 1978 1661; x_wconf 82' lang='lat' dir='ltr'><strong>possit,</strong></span> <span class='ocrx_word' id='word_1_131' title='bbox 2023 1590 2090 1644; x_wconf 90' lang='lat' dir='ltr'><strong>ad</strong></span> <span class='ocrx_word' id='word_1_132' title='bbox 2133 1590 2289 1645; x_wconf 68' lang='lat' dir='ltr'><strong>vires»</strong></span> 
     </span>
     <span class='ocr_line' id='line_1_15' title="bbox 25 1672 2281 1748; baseline 0.003 -20"><span class='ocrx_word' id='word_1_133' title='bbox 25 1672 452 1730; x_wconf 79' lang='lat' dir='ltr'><strong>contrahendas</strong></span> <span class='ocrx_word' id='word_1_134' title='bbox 492 1674 548 1728; x_wconf 89' lang='lat' dir='ltr'><strong>in</strong></span> <span class='ocrx_word' id='word_1_135' title='bbox 575 1672 912 1729; x_wconf 73' lang='lat' dir='ltr'><strong>westfaliam</strong></span> <span class='ocrx_word' id='word_1_136' title='bbox 950 1686 1012 1729; x_wconf 90' lang='lat' dir='ltr'><strong>se</strong></span> <span class='ocrx_word' id='word_1_137' title='bbox 1052 1675 1345 1746; x_wconf 79' lang='lat' dir='ltr'><strong>recepisse,</strong></span> <span class='ocrx_word' id='word_1_138' title='bbox 1385 1676 1641 1745; x_wconf 86' lang='lat' dir='ltr'><strong>imparem</strong></span> <span class='ocrx_word' id='word_1_139' title='bbox 1685 1676 2023 1734; x_wconf 79' lang='lat' dir='ltr'><strong>citerioribus</strong></span> <span class='ocrx_word' id='word_1_140' title='bbox 2051 1678 2281 1748; x_wconf 87' lang='lat' dir='ltr'><strong>tuendis,</strong></span> 
     </span>
     <span class='ocr_line' id='line_1_16' title="bbox 25 1761 2283 1832; baseline 0.002 -15"><span class='ocrx_word' id='word_1_141' title='bbox 25 1777 169 1818; x_wconf 86' lang='lat' dir='ltr'><strong>cum</strong></span> <span class='ocrx_word' id='word_1_142' title='bbox 201 1761 488 1832; x_wconf 76' lang='lat' dir='ltr'><strong>ilungaros</strong></span> <span class='ocrx_word' id='word_1_143' title='bbox 518 1765 642 1817; x_wconf 89' lang='lat' dir='ltr'><strong>tuuc</strong></span> <span class='ocrx_word' id='word_1_144' title='bbox 666 1761 796 1819; x_wconf 85' lang='lat' dir='ltr'><strong>nibil</strong></span> <span class='ocrx_word' id='word_1_145' title='bbox 825 1761 1089 1831; x_wconf 77' lang='lat' dir='ltr'><strong>Visurgim</strong></span> <span class='ocrx_word' id='word_1_146' title='bbox 1117 1767 1351 1819; x_wconf 82' lang='lat' dir='ltr'><strong>moratos</strong></span> <span class='ocrx_word' id='word_1_147' title='bbox 1380 1765 1542 1819; x_wconf 85' lang='lat' dir='ltr'><strong>etiam</strong></span> <span class='ocrx_word' id='word_1_148' title='bbox 1571 1764 1975 1823; x_wconf 82' lang='lat' dir='ltr'><strong>Horifordiense</strong></span> <span class='ocrx_word' id='word_1_149' title='bbox 2003 1771 2283 1823; x_wconf 90' lang='lat' dir='ltr'><strong>monaste-</strong></span> 
     </span>
     <span class='ocr_line' id='line_1_17' title="bbox 29 1849 2281 1922; baseline 0.001 -16"><span class='ocrx_word' id='word_1_150' title='bbox 29 1853 190 1906; x_wconf 84' lang='lat' dir='ltr'><strong>rium</strong></span> <span class='ocrx_word' id='word_1_151' title='bbox 219 1850 556 1908; x_wconf 81' lang='lat' dir='ltr'><strong>destruxisse</strong></span> <span class='ocrx_word' id='word_1_152' title='bbox 584 1849 876 1907; x_wconf 84' lang='lat' dir='ltr'><strong>Gobelinns</strong></span> <span class='ocrx_word' id='word_1_153' title='bbox 904 1850 1122 1922; x_wconf 79' lang='lat' dir='ltr'><strong>referat,</strong></span> <span class='ocrx_word' id='word_1_154' title='bbox 1150 1850 1293 1920; x_wconf 83' lang='lat' dir='ltr'><strong>qnod</strong></span> <span class='ocrx_word' id='word_1_155' title='bbox 1322 1866 1446 1907; x_wconf 83' lang='lat' dir='ltr'><strong>mox</strong></span> <span class='ocrx_word' id='word_1_156' title='bbox 1473 1865 1541 1908; x_wconf 87' lang='lat' dir='ltr'><strong>ex</strong></span> <span class='ocrx_word' id='word_1_157' title='bbox 1568 1853 1887 1910; x_wconf 86' lang='lat' dir='ltr'><strong>documento</strong></span> <span class='ocrx_word' id='word_1_158' title='bbox 1914 1859 2039 1910; x_wconf 88' lang='lat' dir='ltr'><strong>anni</strong></span> <span class='ocrx_word' id='word_1_159' title='bbox 2068 1856 2130 1910; x_wconf 85' lang='grc' dir='ltr'><strong>Ι).</strong></span> <span class='ocrx_word' id='word_1_160' title='bbox 2158 1855 2281 1911; x_wconf 80' lang='grc'><strong>927.</strong></span> 
     </span>
     <span class='ocr_line' id='line_1_18' title="bbox 29 1938 2283 2016; baseline 0.002 -22"><span class='ocrx_word' id='word_1_161' title='bbox 29 1938 371 1996; x_wconf 79' lang='lat' dir='ltr'><strong>firmabitur.</strong></span> <span class='ocrx_word' id='word_1_162' title='bbox 458 1940 518 1995; x_wconf 83' lang='lat' dir='ltr'><strong>in</strong></span> <span class='ocrx_word' id='word_1_163' title='bbox 563 1942 830 2009; x_wconf 75' lang='lat' dir='ltr'><strong>excerptis</strong></span> <span class='ocrx_word' id='word_1_164' title='bbox 873 1938 1233 1996; x_wconf 80' lang='lat' dir='ltr'><strong>Goslariensis</strong></span> <span class='ocrx_word' id='word_1_165' title='bbox 1276 1940 1512 1996; x_wconf 85' lang='lat' dir='ltr'><strong>chronici</strong></span> <span class='ocrx_word' id='word_1_166' title='bbox 1554 1942 1860 2016; x_wconf 78' lang='lat' dir='ltr'><strong>supradicti,</strong></span> <span class='ocrx_word' id='word_1_167' title='bbox 1902 1957 2040 2014; x_wconf 89' lang='lat' dir='ltr'><strong>quae</strong></span> <span class='ocrx_word' id='word_1_168' title='bbox 2077 1943 2283 2014; x_wconf 70' lang='lat' dir='ltr'><strong>Caspai·</strong></span> 
     </span>
     <span class='ocr_line' id='line_1_19' title="bbox 35 2028 2391 2103; baseline 0.002 -20"><span class='ocrx_word' id='word_1_169' title='bbox 35 2028 379 2097; x_wconf 73' lang='lat' dir='ltr'><strong>Sagittarius</strong></span> <span class='ocrx_word' id='word_1_170' title='bbox 399 2030 546 2100; x_wconf 81' lang='lat' dir='ltr'><strong>vidit,</strong></span> <span class='ocrx_word' id='word_1_171' title='bbox 575 2028 756 2086; x_wconf 88' lang='lat' dir='ltr'><strong>Werla</strong></span> <span class='ocrx_word' id='word_1_172' title='bbox 775 2030 1075 2085; x_wconf 86' lang='lat' dir='ltr'><strong>nominatur</strong></span> <span class='ocrx_word' id='word_1_173' title='bbox 1096 2030 1347 2100; x_wconf 87' lang='lat' dir='ltr'><strong>palatium</strong></span> <span class='ocrx_word' id='word_1_174' title='bbox 1366 2030 1456 2085; x_wconf 86' lang='lat' dir='ltr'><strong>vel</strong></span> <span class='ocrx_word' id='word_1_175' title='bbox 1478 2030 1755 2086; x_wconf 88' lang='lat' dir='ltr'><strong>castellum</strong></span> <span class='ocrx_word' id='word_1_176' title='bbox 1788 2032 2050 2103; x_wconf 83' lang='lat' dir='ltr'><strong>quoddam</strong></span> <span class='ocrx_word' id='word_1_177' title='bbox 2077 2033 2281 2100; x_wconf 76' lang='lat' dir='ltr'><strong>regium</strong></span> <span class='ocrx_word' id='word_1_178' title='bbox 2383 2051 2391 2060; x_wconf 59' lang='lat'><em>⁴</em></span> 
     </span>
     <span class='ocr_line' id='line_1_20' title="bbox 36 2116 2285 2191; baseline 0.001 -19"><span class='ocrx_word' id='word_1_179' title='bbox 36 2118 109 2172; x_wconf 85' lang='lat' dir='ltr'><strong>ad</strong></span> <span class='ocrx_word' id='word_1_180' title='bbox 139 2116 454 2174; x_wconf 84' lang='lat' dir='ltr'><strong>Goslariam</strong></span> <span class='ocrx_word' id='word_1_181' title='bbox 494 2120 669 2191; x_wconf 87' lang='lat' dir='ltr'><strong>situm,</strong></span> <span class='ocrx_word' id='word_1_182' title='bbox 711 2122 768 2175; x_wconf 92' lang='lat' dir='ltr'><strong>et</strong></span> <span class='ocrx_word' id='word_1_183' title='bbox 808 2130 873 2174; x_wconf 87' lang='lat' dir='ltr'><strong>eo</strong></span> <span class='ocrx_word' id='word_1_184' title='bbox 914 2119 1197 2174; x_wconf 86' lang='lat' dir='ltr'><strong>adductum</strong></span> <span class='ocrx_word' id='word_1_185' title='bbox 1239 2132 1422 2188; x_wconf 82' lang='lat' dir='ltr'><strong>regem</strong></span> <span class='ocrx_word' id='word_1_186' title='bbox 1465 2118 1846 2189; x_wconf 79' lang='lat' dir='ltr'><strong>nungarorum.</strong></span> <span class='ocrx_word' id='word_1_187' title='bbox 1916 2118 1987 2174; x_wconf 85' lang='lat' dir='ltr'><strong>Et</strong></span> <span class='ocrx_word' id='word_1_188' title='bbox 2025 2123 2285 2176; x_wconf 80' lang='lat' dir='ltr'><strong>constans</strong></span> 
     </span>
     <span class='ocr_line' id='line_1_21' title="bbox 39 2204 2284 2280; baseline 0.001 -19"><span class='ocrx_word' id='word_1_189' title='bbox 39 2207 188 2280; x_wconf 77' lang='lat' dir='ltr'><strong>apud</strong></span> <span class='ocrx_word' id='word_1_190' title='bbox 219 2204 604 2263; x_wconf 80' lang='lat' dir='ltr'><strong>Goslarieuses</strong></span> <span class='ocrx_word' id='word_1_191' title='bbox 635 2208 775 2263; x_wconf 87' lang='lat' dir='ltr'><strong>iama</strong></span> <span class='ocrx_word' id='word_1_192' title='bbox 802 2210 903 2277; x_wconf 86' lang='lat' dir='ltr'><strong>est,</strong></span> <span class='ocrx_word' id='word_1_193' title='bbox 943 2206 1235 2264; x_wconf 82' lang='lat' dir='ltr'><strong>Heineccio</strong></span> <span class='ocrx_word' id='word_1_194' title='bbox 1265 2207 1484 2279; x_wconf 78' lang='lat' dir='ltr'><strong>fatente,</strong></span> <span class='ocrx_word' id='word_1_195' title='bbox 1512 2207 1706 2280; x_wconf 88' lang='lat' dir='ltr'><strong>locum,</strong></span> <span class='ocrx_word' id='word_1_196' title='bbox 1750 2207 1841 2264; x_wconf 86' lang='lat' dir='ltr'><strong>ubi</strong></span> <span class='ocrx_word' id='word_1_197' title='bbox 1867 2222 2010 2264; x_wconf 90' lang='lat' dir='ltr'><strong>nunc</strong></span> <span class='ocrx_word' id='word_1_198' title='bbox 2038 2206 2284 2263; x_wconf 81' lang='lat' dir='ltr'><strong>Goslaria</strong></span> 
     </span>
     <span class='ocr_line' id='line_1_22' title="bbox 41 2295 2284 2368; baseline 0.001 -18"><span class='ocrx_word' id='word_1_199' title='bbox 41 2299 148 2366; x_wconf 84' lang='lat' dir='ltr'><strong>est,</strong></span> <span class='ocrx_word' id='word_1_200' title='bbox 185 2295 434 2350; x_wconf 78' lang='lat' dir='ltr'><strong>Werlain</strong></span> <span class='ocrx_word' id='word_1_201' title='bbox 462 2295 589 2352; x_wconf 87' lang='lat' dir='ltr'><strong>olim</strong></span> <span class='ocrx_word' id='word_1_202' title='bbox 616 2298 880 2368; x_wconf 81' lang='lat' dir='ltr'><strong>vocatum,</strong></span> <span class='ocrx_word' id='word_1_203' title='bbox 908 2310 1047 2366; x_wconf 87' lang='lat' dir='ltr'><strong>quae</strong></span> <span class='ocrx_word' id='word_1_204' title='bbox 1075 2301 1130 2353; x_wconf 85' lang='lat' dir='ltr'><strong>ot</strong></span> <span class='ocrx_word' id='word_1_205' title='bbox 1156 2296 1578 2368; x_wconf 81' lang='lat' dir='ltr'><strong>Spangenbergii</strong></span> <span class='ocrx_word' id='word_1_206' title='bbox 1605 2311 1712 2352; x_wconf 84' lang='lat' dir='ltr'><strong>non</strong></span> <span class='ocrx_word' id='word_1_207' title='bbox 1738 2297 2068 2364; x_wconf 78' lang='lat' dir='ltr'><strong>indiligentia</strong></span> <span class='ocrx_word' id='word_1_208' title='bbox 2105 2309 2284 2352; x_wconf 87' lang='lat' dir='ltr'><strong>rerum</strong></span> 
     </span>
     <span class='ocr_line' id='line_1_23' title="bbox 43 2382 2282 2459; baseline 0.002 -22"><span class='ocrx_word' id='word_1_209' title='bbox 43 2382 445 2440; x_wconf 85' lang='lat' dir='ltr'><strong>saxonicarum</strong></span> <span class='ocrx_word' id='word_1_210' title='bbox 486 2383 850 2441; x_wconf 81' lang='lat' dir='ltr'><strong>observatoris</strong></span> <span class='ocrx_word' id='word_1_211' title='bbox 891 2386 1161 2442; x_wconf 86' lang='lat' dir='ltr'><strong>sententia</strong></span> <span class='ocrx_word' id='word_1_212' title='bbox 1202 2391 1300 2459; x_wconf 83' lang='lat' dir='ltr'><strong>est,</strong></span> <span class='ocrx_word' id='word_1_213' title='bbox 1344 2385 1597 2457; x_wconf 78' lang='lat' dir='ltr'><strong>favetque</strong></span> <span class='ocrx_word' id='word_1_214' title='bbox 1624 2386 1914 2456; x_wconf 89' lang='lat' dir='ltr'><strong>Speculum</strong></span> <span class='ocrx_word' id='word_1_215' title='bbox 1942 2385 2282 2457; x_wconf 84' lang='lat' dir='ltr'><strong>Saxonicum,</strong></span> 
     </span>
     <span class='ocr_line' id='line_1_24' title="bbox 41 2471 2283 2546; baseline 0.001 -18"><span class='ocrx_word' id='word_1_216' title='bbox 41 2471 140 2528; x_wconf 80' lang='lat' dir='ltr'><strong>ubi</strong></span> <span class='ocrx_word' id='word_1_217' title='bbox 181 2473 448 2544; x_wconf 83' lang='lat' dir='ltr'><strong>palatium</strong></span> <span class='ocrx_word' id='word_1_218' title='bbox 485 2477 690 2544; x_wconf 77' lang='lat' dir='ltr'><strong>regium</strong></span> <span class='ocrx_word' id='word_1_219' title='bbox 731 2489 765 2530; x_wconf 87' lang='lat' dir='ltr'><strong>a</strong></span> <span class='ocrx_word' id='word_1_220' title='bbox 790 2474 1045 2531; x_wconf 82' lang='lat' dir='ltr'><strong>Werlizia</strong></span> <span class='ocrx_word' id='word_1_221' title='bbox 1072 2473 1159 2530; x_wconf 80' lang='lat' dir='ltr'><strong>rel</strong></span> <span class='ocrx_word' id='word_1_222' title='bbox 1195 2476 1286 2545; x_wconf 89' lang='lat' dir='ltr'><strong>(ut</strong></span> <span class='ocrx_word' id='word_1_223' title='bbox 1312 2476 1365 2530; x_wconf 86' lang='lat' dir='ltr'><strong>in</strong></span> <span class='ocrx_word' id='word_1_224' title='bbox 1396 2477 1629 2546; x_wconf 81' lang='lat' dir='ltr'><strong>antiquis</strong></span> <span class='ocrx_word' id='word_1_225' title='bbox 1658 2475 1974 2546; x_wconf 87' lang='lat' dir='ltr'><strong>quibusdam</strong></span> <span class='ocrx_word' id='word_1_226' title='bbox 2005 2474 2283 2532; x_wconf 78' lang='lat' dir='ltr'><strong>codicibus</strong></span> 
     </span>
     <span class='ocr_line' id='line_1_25' title="bbox 43 2560 2284 2636; baseline 0.002 -21"><span class='ocrx_word' id='word_1_227' title='bbox 43 2560 286 2631; x_wconf 68' lang='lat' dir='ltr'><strong>iegitur)</strong></span> <span class='ocrx_word' id='word_1_228' title='bbox 334 2575 367 2616; x_wconf 86' lang='lat' dir='ltr'><strong>a</strong></span> <span class='ocrx_word' id='word_1_229' title='bbox 406 2562 653 2619; x_wconf 88' lang='lat' dir='ltr'><strong>Werlaba</strong></span> <span class='ocrx_word' id='word_1_230' title='bbox 692 2566 749 2619; x_wconf 91' lang='lat' dir='ltr'><strong>in</strong></span> <span class='ocrx_word' id='word_1_231' title='bbox 791 2561 1090 2620; x_wconf 82' lang='lat' dir='ltr'><strong>Goslariam</strong></span> <span class='ocrx_word' id='word_1_232' title='bbox 1126 2563 1385 2631; x_wconf 80' lang='lat' dir='ltr'><strong>(vicinam</strong></span> <span class='ocrx_word' id='word_1_233' title='bbox 1429 2565 1650 2636; x_wconf 78' lang='lat' dir='ltr'><strong>opinor)</strong></span> <span class='ocrx_word' id='word_1_234' title='bbox 1690 2564 2001 2620; x_wconf 86' lang='lat' dir='ltr'><strong>translatum</strong></span> <span class='ocrx_word' id='word_1_235' title='bbox 2042 2563 2284 2620; x_wconf 80' lang='lat' dir='ltr'><strong>babetur.</strong></span> 
     </span>
     <span class='ocr_line' id='line_1_26' title="bbox 47 2649 2287 2723; baseline 0 -17"><span class='ocrx_word' id='word_1_236' title='bbox 47 2649 418 2722; x_wconf 74' lang='lat' dir='ltr'><strong>Frodoardus,</strong></span> <span class='ocrx_word' id='word_1_237' title='bbox 443 2651 727 2707; x_wconf 82' lang='lat' dir='ltr'><strong>Henricum</strong></span> <span class='ocrx_word' id='word_1_238' title='bbox 754 2651 941 2708; x_wconf 90' lang='lat' dir='ltr'><strong>morbo</strong></span> <span class='ocrx_word' id='word_1_239' title='bbox 969 2652 1278 2723; x_wconf 84' lang='lat' dir='ltr'><strong>impeditum</strong></span> <span class='ocrx_word' id='word_1_240' title='bbox 1306 2652 1361 2707; x_wconf 88' lang='lat' dir='ltr'><strong>in</strong></span> <span class='ocrx_word' id='word_1_241' title='bbox 1378 2652 1674 2708; x_wconf 88' lang='lat' dir='ltr'><strong>Sarmatiae</strong></span> <span class='ocrx_word' id='word_1_242' title='bbox 1694 2650 1885 2708; x_wconf 74' lang='lat' dir='ltr'><strong>finibus</strong></span> <span class='ocrx_word' id='word_1_243' title='bbox 1914 2655 2113 2722; x_wconf 75' lang='lat' dir='ltr'><strong>egisse,</strong></span> <span class='ocrx_word' id='word_1_244' title='bbox 2141 2653 2287 2708; x_wconf 84' lang='lat' dir='ltr'><strong>scri-</strong></span> 
     </span>
     <span class='ocr_line' id='line_1_27' title="bbox 51 2737 2286 2812; baseline 0 -19"><span class='ocrx_word' id='word_1_245' title='bbox 51 2738 146 2812; x_wconf 88' lang='lat' dir='ltr'><strong>bit,</strong></span> <span class='ocrx_word' id='word_1_246' title='bbox 195 2740 350 2812; x_wconf 85' lang='lat' dir='ltr'><strong>quod</strong></span> <span class='ocrx_word' id='word_1_247' title='bbox 377 2739 593 2796; x_wconf 85' lang='lat' dir='ltr'><strong>Werlae</strong></span> <span class='ocrx_word' id='word_1_248' title='bbox 621 2739 930 2797; x_wconf 83' lang='lat' dir='ltr'><strong>Venedicae</strong></span> <span class='ocrx_word' id='word_1_249' title='bbox 977 2739 1200 2810; x_wconf 77' lang='lat' dir='ltr'><strong>faveret,</strong></span> <span class='ocrx_word' id='word_1_250' title='bbox 1246 2742 1295 2796; x_wconf 89' lang='lat' dir='ltr'><strong>si</strong></span> <span class='ocrx_word' id='word_1_251' title='bbox 1324 2752 1566 2810; x_wconf 85' lang='lat' dir='ltr'><strong>eousque</strong></span> <span class='ocrx_word' id='word_1_252' title='bbox 1602 2742 1729 2795; x_wconf 87' lang='lat' dir='ltr'><strong>tunc</strong></span> <span class='ocrx_word' id='word_1_253' title='bbox 1752 2741 2027 2810; x_wconf 75' lang='lat' dir='ltr'><strong>progressi</strong></span> <span class='ocrx_word' id='word_1_254' title='bbox 2053 2737 2286 2794; x_wconf 80' lang='lat' dir='ltr'><strong>fuissent</strong></span> 
     </span>
     <span class='ocr_line' id='line_1_28' title="bbox 49 2825 2285 2902; baseline -0 -18"><span class='ocrx_word' id='word_1_255' title='bbox 49 2832 244 2885; x_wconf 80' lang='lat' dir='ltr'><strong>nostri.</strong></span> <span class='ocrx_word' id='word_1_256' title='bbox 326 2827 570 2884; x_wconf 81' lang='lat' dir='ltr'><strong>Goslaria</strong></span> <span class='ocrx_word' id='word_1_257' title='bbox 611 2828 882 2900; x_wconf 87' lang='lat' dir='ltr'><strong>Sarmatis,</strong></span> <span class='ocrx_word' id='word_1_258' title='bbox 917 2829 978 2885; x_wconf 80' lang='lat' dir='ltr'><strong>id</strong></span> <span class='ocrx_word' id='word_1_259' title='bbox 1021 2833 1104 2885; x_wconf 87' lang='lat' dir='ltr'><strong>est</strong></span> <span class='ocrx_word' id='word_1_260' title='bbox 1145 2829 1338 2902; x_wconf 80' lang='lat' dir='ltr'><strong>Slaris,</strong></span> <span class='ocrx_word' id='word_1_261' title='bbox 1375 2830 1602 2884; x_wconf 80' lang='lat' dir='ltr'><strong>vicinior</strong></span> <span class='ocrx_word' id='word_1_262' title='bbox 1629 2832 1728 2899; x_wconf 86' lang='lat' dir='ltr'><strong>est,</strong></span> <span class='ocrx_word' id='word_1_263' title='bbox 1770 2841 1928 2896; x_wconf 87' lang='lat' dir='ltr'><strong>quam</strong></span> <span class='ocrx_word' id='word_1_264' title='bbox 1968 2825 2285 2883; x_wconf 79' lang='lat' dir='ltr'><strong>Westialica</strong></span> 
     </span>
     <span class='ocr_line' id='line_1_29' title="bbox 52 2913 2285 2988; baseline -0.001 -16"><span class='ocrx_word' id='word_1_265' title='bbox 52 2916 259 2973; x_wconf 73' lang='lat' dir='ltr'><strong>werla.</strong></span> <span class='ocrx_word' id='word_1_266' title='bbox 317 2915 432 2984; x_wconf 70' lang='lat' dir='ltr'><strong>Ego</strong></span> <span class='ocrx_word' id='word_1_267' title='bbox 461 2919 637 2973; x_wconf 87' lang='lat' dir='ltr'><strong>tamen</strong></span> <span class='ocrx_word' id='word_1_268' title='bbox 665 2917 911 2973; x_wconf 88' lang='lat' dir='ltr'><strong>omnibus</strong></span> <span class='ocrx_word' id='word_1_269' title='bbox 940 2920 1213 2988; x_wconf 74' lang='lat' dir='ltr'><strong>expensiS,</strong></span> <span class='ocrx_word' id='word_1_270' title='bbox 1255 2918 1322 2972; x_wconf 90' lang='lat' dir='ltr'><strong>ad</strong></span> <span class='ocrx_word' id='word_1_271' title='bbox 1350 2917 1489 2972; x_wconf 85' lang='lat' dir='ltr'><strong>hanc</strong></span> <span class='ocrx_word' id='word_1_272' title='bbox 1516 2916 1732 2986; x_wconf 87' lang='lat' dir='ltr'><strong>inclino,</strong></span> <span class='ocrx_word' id='word_1_273' title='bbox 1770 2921 1896 2969; x_wconf 79' lang='lat' dir='ltr'><strong>tunc</strong></span> <span class='ocrx_word' id='word_1_274' title='bbox 1923 2914 2138 2984; x_wconf 76' lang='lat' dir='ltr'><strong>regibus</strong></span> <span class='ocrx_word' id='word_1_275' title='bbox 2167 2913 2285 2970; x_wconf 79' lang='lat' dir='ltr'><strong>ire-</strong></span> 
     </span>
     <span class='ocr_line' id='line_1_30' title="bbox 56 3001 2286 3077; baseline -0.003 -14"><span class='ocrx_word' id='word_1_276' title='bbox 56 3009 390 3076; x_wconf 84' lang='lat' dir='ltr'><strong>quentatam,</strong></span> <span class='ocrx_word' id='word_1_277' title='bbox 416 3006 564 3062; x_wconf 90' lang='lat' dir='ltr'><strong>nullo</strong></span> <span class='ocrx_word' id='word_1_278' title='bbox 592 3021 688 3077; x_wconf 87' lang='lat' dir='ltr'><strong>pro</strong></span> <span class='ocrx_word' id='word_1_279' title='bbox 718 3006 961 3062; x_wconf 87' lang='lat' dir='ltr'><strong>Goslaria</strong></span> <span class='ocrx_word' id='word_1_280' title='bbox 985 3005 1052 3062; x_wconf 89' lang='lat' dir='ltr'><strong>ab</strong></span> <span class='ocrx_word' id='word_1_281' title='bbox 1081 3007 1397 3077; x_wconf 78' lang='lat' dir='ltr'><strong>antiquitate</strong></span> <span class='ocrx_word' id='word_1_282' title='bbox 1425 3005 1769 3061; x_wconf 84' lang='lat' dir='ltr'><strong>firmamento.</strong></span> <span class='ocrx_word' id='word_1_283' title='bbox 1824 3002 1939 3058; x_wconf 82' lang='lat' dir='ltr'><strong>Neo</strong></span> <span class='ocrx_word' id='word_1_284' title='bbox 1954 3002 2187 3072; x_wconf 82' lang='lat' dir='ltr'><strong>Hungari</strong></span> <span class='ocrx_word' id='word_1_285' title='bbox 2214 3001 2286 3057; x_wconf 86' lang='lat' dir='ltr'><strong>ad</strong></span> 
     </span>
     <span class='ocr_line' id='line_1_31' title="bbox 55 3089 2283 3166; baseline -0.001 -18"><span class='ocrx_word' id='word_1_286' title='bbox 55 3093 434 3152; x_wconf 79' lang='lat' dir='ltr'><strong>Herivordiam</strong></span> <span class='ocrx_word' id='word_1_287' title='bbox 477 3108 648 3165; x_wconf 84' lang='lat' dir='ltr'><strong>usque</strong></span> <span class='ocrx_word' id='word_1_288' title='bbox 686 3097 963 3166; x_wconf 81' lang='lat' dir='ltr'><strong>proprersi</strong></span> <span class='ocrx_word' id='word_1_289' title='bbox 1006 3095 1226 3151; x_wconf 85' lang='lat' dir='ltr'><strong>muitum</strong></span> <span class='ocrx_word' id='word_1_290' title='bbox 1270 3094 1509 3152; x_wconf 68' lang='lat' dir='ltr'><strong>abluere.</strong></span> <span class='ocrx_word' id='word_1_291' title='bbox 1596 3091 1941 3163; x_wconf 85' lang='lat' dir='ltr'><strong>Crediderim,</strong></span> <span class='ocrx_word' id='word_1_292' title='bbox 1984 3103 2168 3159; x_wconf 81' lang='lat' dir='ltr'><strong>regem</strong></span> <span class='ocrx_word' id='word_1_293' title='bbox 2212 3089 2283 3146; x_wconf 84' lang='lat' dir='ltr'><strong>ab</strong></span> 
     </span>
     <span class='ocr_line' id='line_1_32' title="bbox 59 3180 2289 3257; baseline -0.001 -19"><span class='ocrx_word' id='word_1_294' title='bbox 59 3183 355 3255; x_wconf 77' lang='lat' dir='ltr'><strong>improviso</strong></span> <span class='ocrx_word' id='word_1_295' title='bbox 398 3182 554 3240; x_wconf 90' lang='lat' dir='ltr'><strong>boste</strong></span> <span class='ocrx_word' id='word_1_296' title='bbox 593 3187 649 3241; x_wconf 93' lang='lat' dir='ltr'><strong>in</strong></span> <span class='ocrx_word' id='word_1_297' title='bbox 676 3183 958 3240; x_wconf 78' lang='lat' dir='ltr'><strong>westfalia</strong></span> <span class='ocrx_word' id='word_1_298' title='bbox 999 3183 1405 3257; x_wconf 70' lang='lat' dir='ltr'><strong>deprehensum,</strong></span> <span class='ocrx_word' id='word_1_299' title='bbox 1448 3182 1658 3238; x_wconf 79' lang='lat' dir='ltr'><strong>obviam</strong></span> <span class='ocrx_word' id='word_1_300' title='bbox 1701 3181 1861 3238; x_wconf 85' lang='lat' dir='ltr'><strong>eundi</strong></span> <span class='ocrx_word' id='word_1_301' title='bbox 1901 3186 1957 3237; x_wconf 90' lang='lat' dir='ltr'><strong>et</strong></span> <span class='ocrx_word' id='word_1_302' title='bbox 1997 3180 2289 3251; x_wconf 74' lang='lat' dir='ltr'><strong>colligendi</strong></span> 
     </span>
     <span class='ocr_line' id='line_1_33' title="bbox 63 3272 2289 3344; baseline -0.001 -17"><span class='ocrx_word' id='word_1_303' title='bbox 63 3275 336 3330; x_wconf 79' lang='lat' dir='ltr'><strong>exercitus</strong></span> <span class='ocrx_word' id='word_1_304' title='bbox 380 3276 606 3344; x_wconf 85' lang='lat' dir='ltr'><strong>spatium</strong></span> <span class='ocrx_word' id='word_1_305' title='bbox 645 3288 754 3329; x_wconf 87' lang='lat' dir='ltr'><strong>non</strong></span> <span class='ocrx_word' id='word_1_306' title='bbox 795 3273 1066 3330; x_wconf 87' lang='lat' dir='ltr'><strong>babuisse.</strong></span> <span class='ocrx_word' id='word_1_307' title='bbox 1151 3273 1317 3330; x_wconf 84' lang='lat' dir='ltr'><strong>Autor</strong></span> <span class='ocrx_word' id='word_1_308' title='bbox 1353 3272 1773 3329; x_wconf 80' lang='lat' dir='ltr'><strong>Goslariensium</strong></span> <span class='ocrx_word' id='word_1_309' title='bbox 1824 3274 2192 3342; x_wconf 82' lang='lat' dir='ltr'><strong>excerptorum</strong></span> <span class='ocrx_word' id='word_1_310' title='bbox 2229 3273 2289 3325; x_wconf 79' lang='lat' dir='ltr'><strong>et</strong></span> 
     </span>
     <span class='ocr_line' id='line_1_34' title="bbox 65 3358 2287 3435; baseline 0 -21"><span class='ocrx_word' id='word_1_311' title='bbox 65 3358 346 3419; x_wconf 70' lang='lat' dir='ltr'><strong>ridericus</strong></span> <span class='ocrx_word' id='word_1_312' title='bbox 379 3360 608 3433; x_wconf 66' lang='lat' dir='ltr'><strong>magius</strong></span> <span class='ocrx_word' id='word_1_313' title='bbox 635 3362 880 3419; x_wconf 80' lang='lat' dir='ltr'><strong>versibus</strong></span> <span class='ocrx_word' id='word_1_314' title='bbox 911 3363 1048 3435; x_wconf 86' lang='lat' dir='ltr'><strong>apud</strong></span> <span class='ocrx_word' id='word_1_315' title='bbox 1077 3361 1456 3432; x_wconf 80' lang='lat' dir='ltr'><strong>Engelbusium</strong></span> <span class='ocrx_word' id='word_1_316' title='bbox 1486 3363 1729 3431; x_wconf 81' lang='lat' dir='ltr'><strong>servatis,</strong></span> <span class='ocrx_word' id='word_1_317' title='bbox 1756 3361 2107 3430; x_wconf 77' lang='lat' dir='ltr'><strong>liungaricum</strong></span> <span class='ocrx_word' id='word_1_318' title='bbox 2135 3359 2287 3429; x_wconf 87' lang='lat' dir='ltr'><strong>prin·-</strong></span> 
     </span>
     <span class='ocr_line' id='line_1_35' title="bbox 67 3446 2287 3524; baseline -0.001 -21"><span class='ocrx_word' id='word_1_319' title='bbox 67 3452 235 3521; x_wconf 84' lang='lat' dir='ltr'><strong>cipem</strong></span> <span class='ocrx_word' id='word_1_320' title='bbox 265 3448 487 3507; x_wconf 82' lang='lat' dir='ltr'><strong>Werlae</strong></span> <span class='ocrx_word' id='word_1_321' title='bbox 514 3453 692 3524; x_wconf 81' lang='lat' dir='ltr'><strong>capite</strong></span> <span class='ocrx_word' id='word_1_322' title='bbox 716 3451 949 3523; x_wconf 87' lang='lat' dir='ltr'><strong>plexum,</strong></span> <span class='ocrx_word' id='word_1_323' title='bbox 977 3466 1080 3508; x_wconf 87' lang='lat' dir='ltr'><strong>nou</strong></span> <span class='ocrx_word' id='word_1_324' title='bbox 1110 3455 1257 3507; x_wconf 87' lang='lat' dir='ltr'><strong>recte</strong></span> <span class='ocrx_word' id='word_1_325' title='bbox 1286 3452 1486 3508; x_wconf 87' lang='lat' dir='ltr'><strong>dixere.</strong></span> <span class='ocrx_word' id='word_1_326' title='bbox 1556 3451 1868 3507; x_wconf 84' lang='lat' dir='ltr'><strong>Werlenses</strong></span> <span class='ocrx_word' id='word_1_327' title='bbox 1896 3450 2121 3504; x_wconf 85' lang='lat' dir='ltr'><strong>comites</strong></span> <span class='ocrx_word' id='word_1_328' title='bbox 2147 3446 2287 3501; x_wconf 75' lang='lat' dir='ltr'><strong>infra</strong></span> 
     </span>
     <span class='ocr_line' id='line_1_36' title="bbox 68 3536 2288 3610; baseline 0 -20"><span class='ocrx_word' id='word_1_329' title='bbox 68 3541 364 3595; x_wconf 80' lang='lat' dir='ltr'><strong>occurrent.</strong></span> <span class='ocrx_word' id='word_1_330' title='bbox 418 3538 662 3597; x_wconf 83' lang='lat' dir='ltr'><strong>Saxones</strong></span> <span class='ocrx_word' id='word_1_331' title='bbox 689 3543 967 3610; x_wconf 74' lang='lat' dir='ltr'><strong>giganteae</strong></span> <span class='ocrx_word' id='word_1_332' title='bbox 996 3540 1154 3596; x_wconf 87' lang='lat' dir='ltr'><strong>molis</strong></span> <span class='ocrx_word' id='word_1_333' title='bbox 1182 3539 1425 3597; x_wconf 85' lang='lat' dir='ltr'><strong>homines</strong></span> <span class='ocrx_word' id='word_1_334' title='bbox 1450 3541 1634 3596; x_wconf 74' lang='lat' dir='ltr'><strong>Hunos</strong></span> <span class='ocrx_word' id='word_1_335' title='bbox 1658 3545 1871 3595; x_wconf 79' lang='lat' dir='ltr'><strong>vocant.</strong></span> <span class='ocrx_word' id='word_1_336' title='bbox 1924 3538 1983 3593; x_wconf 88' lang='lat' dir='ltr'><strong>ld</strong></span> <span class='ocrx_word' id='word_1_337' title='bbox 2001 3536 2288 3606; x_wconf 69' lang='lat' dir='ltr'><strong>spangen-</strong></span> 
     </span>
     <span class='ocr_line' id='line_1_37' title="bbox 70 3623 2287 3701; baseline -0.001 -20"><span class='ocrx_word' id='word_1_338' title='bbox 70 3623 286 3699; x_wconf 76' lang='lat' dir='ltr'><strong>bergius</strong></span> <span class='ocrx_word' id='word_1_339' title='bbox 317 3627 384 3683; x_wconf 89' lang='lat' dir='ltr'><strong>ad</strong></span> <span class='ocrx_word' id='word_1_340' title='bbox 413 3626 509 3683; x_wconf 78' lang='lat' dir='ltr'><strong>has</strong></span> <span class='ocrx_word' id='word_1_341' title='bbox 538 3630 899 3700; x_wconf 81' lang='lat' dir='ltr'><strong>Huugarorum</strong></span> <span class='ocrx_word' id='word_1_342' title='bbox 927 3631 1250 3701; x_wconf 85' lang='lat' dir='ltr'><strong>irruptiones</strong></span> <span class='ocrx_word' id='word_1_343' title='bbox 1276 3630 1474 3698; x_wconf 79' lang='lat' dir='ltr'><strong>resert3</strong></span> <span class='ocrx_word' id='word_1_344' title='bbox 1516 3629 1607 3684; x_wconf 90' lang='lat' dir='ltr'><strong>alii</strong></span> <span class='ocrx_word' id='word_1_345' title='bbox 1635 3629 1701 3684; x_wconf 86' lang='lat' dir='ltr'><strong>ad</strong></span> <span class='ocrx_word' id='word_1_346' title='bbox 1729 3628 1938 3683; x_wconf 79' lang='lat' dir='ltr'><strong>Attilam</strong></span> <span class='ocrx_word' id='word_1_347' title='bbox 1968 3628 2024 3681; x_wconf 91' lang='lat' dir='ltr'><strong>et</strong></span> <span class='ocrx_word' id='word_1_348' title='bbox 2050 3625 2287 3694; x_wconf 89' lang='lat' dir='ltr'><strong>antiqui·-</strong></span> 
     </span>
     <span class='ocr_line' id='line_1_38' title="bbox 70 3710 2288 3788; baseline 0 -20"><span class='ocrx_word' id='word_1_349' title='bbox 70 3727 184 3772; x_wconf 85' lang='lat' dir='ltr'><strong>ores</strong></span> <span class='ocrx_word' id='word_1_350' title='bbox 214 3715 541 3774; x_wconf 82' lang='lat' dir='ltr'><strong>Germaniae</strong></span> <span class='ocrx_word' id='word_1_351' title='bbox 579 3721 774 3774; x_wconf 86' lang='lat' dir='ltr'><strong>metus.</strong></span> <span class='ocrx_word' id='word_1_352' title='bbox 853 3717 921 3773; x_wconf 84' lang='lat' dir='ltr'><strong>Et</strong></span> <span class='ocrx_word' id='word_1_353' title='bbox 959 3722 1139 3787; x_wconf 89' lang='lat' dir='ltr'><strong>potest</strong></span> <span class='ocrx_word' id='word_1_354' title='bbox 1163 3710 1286 3774; x_wconf 80' lang='lat' dir='ltr'><strong>‘alia</strong></span> <span class='ocrx_word' id='word_1_355' title='bbox 1322 3717 1484 3788; x_wconf 82' lang='lat' dir='ltr'><strong>longo</strong></span> <span class='ocrx_word' id='word_1_356' title='bbox 1524 3719 1753 3773; x_wconf 87' lang='lat' dir='ltr'><strong>nominis</strong></span> <span class='ocrx_word' id='word_1_357' title='bbox 1791 3718 1939 3784; x_wconf 78' lang='lat' dir='ltr'><strong>origo</strong></span> <span class='ocrx_word' id='word_1_358' title='bbox 1982 3726 2140 3783; x_wconf 82' lang='lat' dir='ltr'><strong>esse;</strong></span> <span class='ocrx_word' id='word_1_359' title='bbox 2180 3725 2288 3769; x_wconf 80' lang='lat' dir='ltr'><strong>neo</strong></span> 
     </span>
     <span class='ocr_line' id='line_1_39' title="bbox 73 3797 2286 3880; baseline -0.001 -19"><span class='ocrx_word' id='word_1_360' title='bbox 73 3808 241 3862; x_wconf 70' lang='lat' dir='ltr'><strong>statim</strong></span> <span class='ocrx_word' id='word_1_361' title='bbox 301 3797 696 3880; x_wconf 55' lang='lat' dir='ltr'><strong>{luneburgum</strong></span> <span class='ocrx_word' id='word_1_362' title='bbox 759 3805 1128 3879; x_wconf 79' lang='lat' dir='ltr'><strong>Huneieldam,</strong></span> <span class='ocrx_word' id='word_1_363' title='bbox 1180 3807 1598 3878; x_wconf 78' lang='lat' dir='ltr'><strong>Hunesruckam‚</strong></span> <span class='ocrx_word' id='word_1_364' title='bbox 1652 3804 1865 3875; x_wconf 85' lang='lat' dir='ltr'><strong>aliaque</strong></span> <span class='ocrx_word' id='word_1_365' title='bbox 1904 3802 1960 3858; x_wconf 89' lang='lat' dir='ltr'><strong>id</strong></span> <span class='ocrx_word' id='word_1_366' title='bbox 1999 3815 2169 3872; x_wconf 77' lang='lat' dir='ltr'><strong>genus</strong></span> <span class='ocrx_word' id='word_1_367' title='bbox 2216 3800 2286 3859; x_wconf 83' lang='lat' dir='ltr'><strong>ab</strong></span> 
     </span>
     <span class='ocr_line' id='line_1_40' title="bbox 72 3889 833 3952; baseline 0.001 -2"><span class='ocrx_word' id='word_1_368' title='bbox 72 3889 269 3952; x_wconf 82' lang='lat' dir='ltr'><strong>limis</strong></span> <span class='ocrx_word' id='word_1_369' title='bbox 302 3895 445 3950; x_wconf 88' lang='lat' dir='ltr'><strong>dicta</strong></span> <span class='ocrx_word' id='word_1_370' title='bbox 472 3908 706 3952; x_wconf 84' lang='lat' dir='ltr'><strong>necesse</strong></span> <span class='ocrx_word' id='word_1_371' title='bbox 734 3899 833 3951; x_wconf 87' lang='lat' dir='ltr'><strong>est.</strong></span> 
     </span>
    </p>

    <p class='ocr_par' dir='ltr' id='par_1_3' title="bbox 72 3982 2290 4590">
     <span class='ocr_line' id='line_1_41' title="bbox 201 3982 2286 4056; baseline -0.001 -17"><span class='ocrx_word' id='word_1_372' title='bbox 201 3983 253 4039; x_wconf 87' lang='grc'><strong>3.</strong></span> <span class='ocrx_word' id='word_1_373' title='bbox 330 3984 401 4039; x_wconf 78' lang='lat' dir='ltr'><strong>At</strong></span> <span class='ocrx_word' id='word_1_374' title='bbox 427 3997 524 4039; x_wconf 88' lang='lat' dir='ltr'><strong>rex</strong></span> <span class='ocrx_word' id='word_1_375' title='bbox 550 3985 822 4053; x_wconf 84' lang='lat' dir='ltr'><strong>praesenti</strong></span> <span class='ocrx_word' id='word_1_376' title='bbox 850 3987 993 4039; x_wconf 88' lang='lat' dir='ltr'><strong>metu</strong></span> <span class='ocrx_word' id='word_1_377' title='bbox 1027 3982 1301 4056; x_wconf 88' lang='lat' dir='ltr'><strong>liberatus,</strong></span> <span class='ocrx_word' id='word_1_378' title='bbox 1341 3987 1400 4040; x_wconf 89' lang='lat' dir='ltr'><strong>ut</strong></span> <span class='ocrx_word' id='word_1_379' title='bbox 1429 3986 1538 4039; x_wconf 91' lang='lat' dir='ltr'><strong>otio</strong></span> <span class='ocrx_word' id='word_1_380' title='bbox 1567 3993 1829 4039; x_wconf 88' lang='lat' dir='ltr'><strong>concesso</strong></span> <span class='ocrx_word' id='word_1_381' title='bbox 1858 3984 2007 4038; x_wconf 87' lang='lat' dir='ltr'><strong>recte</strong></span> <span class='ocrx_word' id='word_1_382' title='bbox 2033 3983 2286 4051; x_wconf 90' lang='lat' dir='ltr'><strong>uteretur,</strong></span> 
     </span>
     <span class='ocr_line' id='line_1_42' title="bbox 72 4067 2287 4144; baseline 0.001 -21"><span class='ocrx_word' id='word_1_383' title='bbox 72 4067 132 4123; x_wconf 92' lang='lat' dir='ltr'><strong>ad</strong></span> <span class='ocrx_word' id='word_1_384' title='bbox 157 4072 498 4128; x_wconf 84' lang='lat' dir='ltr'><strong>muniendam</strong></span> <span class='ocrx_word' id='word_1_385' title='bbox 526 4072 810 4129; x_wconf 84' lang='lat' dir='ltr'><strong>saxoniam</strong></span> <span class='ocrx_word' id='word_1_386' title='bbox 847 4073 1338 4144; x_wconf 87' lang='lat' dir='ltr'><strong>restituendamque</strong></span> <span class='ocrx_word' id='word_1_387' title='bbox 1366 4072 1702 4142; x_wconf 86' lang='lat' dir='ltr'><strong>disciplinam</strong></span> <span class='ocrx_word' id='word_1_388' title='bbox 1740 4069 2021 4126; x_wconf 85' lang='lat' dir='ltr'><strong>militarem</strong></span> <span class='ocrx_word' id='word_1_389' title='bbox 2057 4072 2287 4125; x_wconf 87' lang='lat' dir='ltr'><strong>animum</strong></span> 
     </span>
     <span class='ocr_line' id='line_1_43' title="bbox 74 4149 2287 4231; baseline -0 -17"><span class='ocrx_word' id='word_1_390' title='bbox 74 4157 283 4227; x_wconf 77' lang='lat' dir='ltr'><strong>adiecit.</strong></span> <span class='ocrx_word' id='word_1_391' title='bbox 332 4160 537 4216; x_wconf 86' lang='lat' dir='ltr'><strong>Passim</strong></span> <span class='ocrx_word' id='word_1_392' title='bbox 571 4166 727 4218; x_wconf 88' lang='lat' dir='ltr'><strong>erant</strong></span> <span class='ocrx_word' id='word_1_393' title='bbox 764 4164 818 4218; x_wconf 89' lang='lat' dir='ltr'><strong>in</strong></span> <span class='ocrx_word' id='word_1_394' title='bbox 846 4162 1079 4219; x_wconf 84' lang='lat' dir='ltr'><strong>saxonia</strong></span> <span class='ocrx_word' id='word_1_395' title='bbox 1104 4163 1267 4218; x_wconf 80' lang='lat' dir='ltr'><strong>villae</strong></span> <span class='ocrx_word' id='word_1_396' title='bbox 1298 4161 1643 4231; x_wconf 88' lang='lat' dir='ltr'><strong>celebriores,</strong></span> <span class='ocrx_word' id='word_1_397' title='bbox 1685 4149 1943 4230; x_wconf 83' lang='lat' dir='ltr'><strong>quaedam&#39;</strong></span> <span class='ocrx_word' id='word_1_398' title='bbox 1970 4158 2038 4215; x_wconf 91' lang='lat' dir='ltr'><strong>ab</strong></span> <span class='ocrx_word' id='word_1_399' title='bbox 2065 4161 2287 4229; x_wconf 85' lang='lat' dir='ltr'><strong>antiquo</strong></span> 
     </span>
     <span class='ocr_line' id='line_1_44' title="bbox 72 4248 2290 4322; baseline 0.001 -22"><span class='ocrx_word' id='word_1_400' title='bbox 72 4257 137 4300; x_wconf 82' lang='lat' dir='ltr'><strong>ex</strong></span> <span class='ocrx_word' id='word_1_401' title='bbox 161 4251 297 4304; x_wconf 83' lang='lat' dir='ltr'><strong>situs</strong></span> <span class='ocrx_word' id='word_1_402' title='bbox 327 4249 703 4308; x_wconf 84' lang='lat' dir='ltr'><strong>commoditate</strong></span> <span class='ocrx_word' id='word_1_403' title='bbox 729 4255 906 4322; x_wconf 89' lang='lat' dir='ltr'><strong>natae,</strong></span> <span class='ocrx_word' id='word_1_404' title='bbox 946 4257 1004 4307; x_wconf 87' lang='lat' dir='ltr'><strong>ut</strong></span> <span class='ocrx_word' id='word_1_405' title='bbox 1029 4251 1403 4321; x_wconf 81' lang='lat' dir='ltr'><strong>Eresburgum,</strong></span> <span class='ocrx_word' id='word_1_406' title='bbox 1447 4248 1811 4318; x_wconf 83' lang='lat' dir='ltr'><strong>Padebrunna‚</strong></span> <span class='ocrx_word' id='word_1_407' title='bbox 1851 4249 2113 4319; x_wconf 89' lang='lat' dir='ltr'><strong>Sosatum,</strong></span> <span class='ocrx_word' id='word_1_408' title='bbox 2149 4248 2290 4303; x_wconf 84' lang='lat' dir='ltr'><strong>Sca-</strong></span> 
     </span>
     <span class='ocr_line' id='line_1_45' title="bbox 74 4335 2288 4412; baseline 0 -22"><span class='ocrx_word' id='word_1_409' title='bbox 74 4335 241 4407; x_wconf 69' lang='lat' dir='ltr'><strong>tinga,</strong></span> <span class='ocrx_word' id='word_1_410' title='bbox 285 4336 629 4412; x_wconf 80' lang='lat' dir='ltr'><strong>Oldenstada,</strong></span> <span class='ocrx_word' id='word_1_411' title='bbox 671 4340 1051 4412; x_wconf 78' lang='lat' dir='ltr'><strong>Bardewicum‚</strong></span> <span class='ocrx_word' id='word_1_412' title='bbox 1078 4340 1517 4410; x_wconf 70' lang='lat' dir='ltr'><strong>ungueburgum:</strong></span> <span class='ocrx_word' id='word_1_413' title='bbox 1560 4340 1820 4408; x_wconf 83' lang='lat' dir='ltr'><strong>quaedam</strong></span> <span class='ocrx_word' id='word_1_414' title='bbox 1847 4337 2063 4393; x_wconf 82' lang='lat' dir='ltr'><strong>debitae</strong></span> <span class='ocrx_word' id='word_1_415' title='bbox 2090 4336 2288 4392; x_wconf 78' lang='lat' dir='ltr'><strong>sunda-</strong></span> 
     </span>
     <span class='ocr_line' id='line_1_46' title="bbox 77 4423 2288 4501; baseline 0 -21"><span class='ocrx_word' id='word_1_416' title='bbox 77 4424 302 4483; x_wconf 82' lang='lat' dir='ltr'><strong>tionibus</strong></span> <span class='ocrx_word' id='word_1_417' title='bbox 332 4428 681 4484; x_wconf 86' lang='lat' dir='ltr'><strong>ecclesiarum</strong></span> <span class='ocrx_word' id='word_1_418' title='bbox 709 4431 765 4486; x_wconf 90' lang='lat' dir='ltr'><strong>et</strong></span> <span class='ocrx_word' id='word_1_419' title='bbox 790 4433 1247 4501; x_wconf 87' lang='lat' dir='ltr'><strong>monasteriorum,</strong></span> <span class='ocrx_word' id='word_1_420' title='bbox 1287 4434 1378 4486; x_wconf 89' lang='lat' dir='ltr'><strong>aut</strong></span> <span class='ocrx_word' id='word_1_421' title='bbox 1405 4431 1567 4484; x_wconf 90' lang='lat' dir='ltr'><strong>etiam</strong></span> <span class='ocrx_word' id='word_1_422' title='bbox 1603 4428 1815 4498; x_wconf 85' lang='lat' dir='ltr'><strong>palatiis</strong></span> <span class='ocrx_word' id='word_1_423' title='bbox 1843 4429 2153 4497; x_wconf 89' lang='lat' dir='ltr'><strong>principum,</strong></span> <span class='ocrx_word' id='word_1_424' title='bbox 2194 4423 2288 4480; x_wconf 89' lang='lat' dir='ltr'><strong>ubi</strong></span> 
     </span>
     <span class='ocr_line' id='line_1_47' title="bbox 77 4508 2286 4590; baseline 0.002 -24"><span class='ocrx_word' id='word_1_425' title='bbox 77 4508 309 4573; x_wconf 72' lang='lat' dir='ltr'><strong>lio-ines</strong></span> <span class='ocrx_word' id='word_1_426' title='bbox 353 4515 720 4590; x_wconf 71' lang='lat' dir='ltr'><strong>confluebant5</strong></span> <span class='ocrx_word' id='word_1_427' title='bbox 762 4521 816 4576; x_wconf 88' lang='lat' dir='ltr'><strong>et</strong></span> <span class='ocrx_word' id='word_1_428' title='bbox 856 4524 1121 4576; x_wconf 84' lang='lat' dir='ltr'><strong>mercatus</strong></span> <span class='ocrx_word' id='word_1_429' title='bbox 1164 4518 1279 4575; x_wconf 87' lang='lat' dir='ltr'><strong>iere</strong></span> <span class='ocrx_word' id='word_1_430' title='bbox 1320 4516 1779 4576; x_wconf 84' lang='lat' dir='ltr'><strong>constituebantur</strong></span> <span class='ocrx_word' id='word_1_431' title='bbox 1819 4517 1875 4572; x_wconf 88' lang='lat' dir='ltr'><strong>in</strong></span> <span class='ocrx_word' id='word_1_432' title='bbox 1910 4514 2005 4570; x_wconf 86' lang='lat' dir='ltr'><strong>ilia</strong></span> <span class='ocrx_word' id='word_1_433' title='bbox 2030 4517 2286 4586; x_wconf 84' lang='lat' dir='ltr'><strong>tempora,</strong></span> 
     </span>
    </p>
   </div>
  </div>
 </body>
</html>
