2817 4959
453 268 585 344 ui
1029 264 2091 361 anastasinrzam

206 446 417 523 μα.
447 452 573 508 stiul
601 447 870 521 extabant,
898 450 1111 518 adjecta
1133 448 1404 519 prioribus
1426 448 1673 504 coaciiiis
1688 447 1847 519 hujus
1866 440 2008 520 anni,
2037 450 2143 504 etsi
2154 450 2279 507 sine
2296 449 2677 522 inscriptis-e.

445 540 528 596 lbi
558 547 783 611 cantum,
810 541 868 595 ut
892 538 1076 595 nulius
1103 540 1355 595 comitum
1382 540 1689 593 arimannos
1714 537 1797 607 (id
1828 543 1914 594 est
1938 537 2180 594 homines
2210 538 2413 595 liberos
2441 546 2544 595 seu
2563 542 2675 595 mi·-

446 632 663 701 litares)
680 634 736 685 in
764 627 1084 685 beneficiam
1112 626 1228 683 suis
1255 627 1561 682 hominihus
1590 627 1868 696 concedat,
1903 626 1957 681 id
1988 632 2073 682 est
2097 640 2310 684 suoram
2337 627 2673 685 vasallorum

441 718 782 782 subvasallos
825 717 1020 789 saciat;
1043 719 1120 772 ‘ut
1157 716 1401 772 homines
1442 719 1696 772 comitum
1730 708 2159 787 (vice-comites,
2202 712 2543 788 schultasios,
2578 717 2672 775 vel

442 812 579 870 alios
608 807 986 867 ministeriales
1011 792 1366 875 interpretor)
1389 816 1499 861 uon
1526 807 1582 861 in
1610 805 1854 860 domibus
1882 807 2270 861 arimannorum
2297 806 2540 877 sedeant,
2568 806 2671 862 sed

443 902 634 959 domos
661 897 1006 971 reipublicae
1029 898 1362 963 instaureat3
1395 896 1457 948 at
1497 893 1845 964 scriptoribus
1861 894 2090 966 publicis
2118 890 2668 952 liceat'traasciibere

441 1004 533 1047 res
574 991 978 1058 arimannorum,
1020 985 1283 1040 alienatas
1324 976 1559 1053 scilicet3
1594 978 1701 1038 'se'd
1740 987 1922 1039 *tamen
1950 983 2205 1039 alienatio
2232 985 2288 1039 la
2316 982 2557 1039 fraudem
2582 984 2668 1041 rei

431 1079 708 1152 publicae,
733 1077 790 1133 id
819 1078 904 1132 est
931 1074 998 1129 ad
1019 1073 1289 1129 vitandum
1313 1075 1606 1129 exercitum
1618 1070 1708 1129 vel
1734 1060 2007 1143 placitum,
2037 1086 2144 1127 non
2160 1064 2434 1143 proficiam
2463 1078 2525 1131 ut
2548 1066 2665 1130 ari—

439 1172 619 1227 manni
663 1166 1014 1236 frequentius,
1058 1176 1213 1232 quam
1255 1166 1507 1217 statutum
1547 1166 1647 1233 est,
1684 1161 1756 1239 *ad
1794 1160 2065 1233 placitum*
2089 1164 2173 1219 ire
2198 1176 2230 1217 a
2259 1154 2542 1218 comitibus
2569 1160 2665 1220 vei

435 1258 722 1317 sculdasiis
750 1268 820 1311 ne
850 1256 1117 1323 cogantur.
1190 1249 1270 1306 Ex
1310 1250 1521 1320 legibus
1562 1254 1788 1321 peccata
1826 1256 2123 1320 temporam
2163 1252 2563 1322 intelliguntur3
2602 1258 2665 1310 α

436 1348 606 1415 magis
643 1346 923 1414 magisque
950 1356 1058 1396 non
1085 1342 1139 1396 in
1167 1338 1323 1396 ltalia
1347 1344 1567 1410 tautum,
1591 1338 1689 1394 sed
1714 1344 1774 1395 ei
1800 1338 2085 1395 Germania
2113 1344 2173 1396 et
2196 1338 2387 1412 Gallia,
2414 1340 2661 1411 invaluit,

434 1440 495 1491 nt
516 1435 816 1491 mediocres
843 1435 899 1488 in
919 1435 1042 1498 jura
1068 1420 1381 1485 vasallatica
1423 1432 1514 1484 aut
1556 1426 1969 1484 subvasallatica
1996 1416 2280 1501 potentum·
2301 1430 2660 1499 adigerentur.

434 1524 784 1581 Constituitur
822 1523 1118 1591 praeterea,
1154 1522 1212 1573 ut
1251 1519 1406 1573 missi
1443 1517 1673 1574 bannum
1698 1519 1971 1573 exercitas
1996 1517 2289 1587 imperialis
2320 1508 2659 1577 solummodo

434 1616 663 1683 exigant.
733 1610 948 1665 Bannus
975 1607 1062 1663 liic
1086 1604 1413 1663 heribannus
1443 1610 1545 1680 est,
1572 1618 1672 1664 seu
1698 1606 1882 1663 citatio
1909 1608 1967 1663 in
1992 1606 2409 1679 expeditionem.

568 1700 622 1756 8.
692 1690 930 1768 i'tdditui,5
969 1698 1030 1752 ui
1068 1700 1276 1753 sumtus
1311 1694 1605 1777 imperialis
1632 1709 1857 1777 mensae
1883 1695 1950 1752 ab
1978 1698 2254 1770 episcopis
2284 1696 2340 1754 et
2369 1694 2655 1756 comitibus

430 1789 721 1847 secundum
748 1789 1016 1856 antiquam
1046 1785 1486 1842 cousuetudinem
1512 1788 1868 1857 praestentur.
1943 1784 2149 1850 Quodsi
2172 1784 2341 1841 fiscus
2368 1788 2656 1845 comitialis

425 1880 513 1951 (id
543 1882 630 1936 est
657 1878 907 1933 dominici
934 1876 1140 1946 praedii
1166 1875 1398 1943 reditus)
1428 1876 1482 1929 in
1506 1874 1596 1943 =ius
1625 1874 2058 1947 ecclesiasticum
2100 1888 2393 1932 conversus
2418 1877 2507 1948 sit,
2550 1892 2657 1933 au-

429 1970 617 2038 gantur
644 1965 968 2037 stipendium
993 1956 1275 2035 imperiale
1302 1961 1369 2018 ab
1399 1962 1654 2032 ecclesia,
1694 1965 2043 2034 proportione
2066 1963 2330 2020 redituum
2358 1969 2652 2022 auctorum.

427 2055 681 2113 Becimae
726 2057 983 2126 episcopo
1029 2058 1232 2109 tantum
1278 2055 1471 2122 ejusve
1513 2049 1815 2106 substitutis
1859 2049 2243 2121 praebeantur3
2302 2054 2655 2115 ecclesiaram

426 2145 620 2219 plebes
651 2144 736 2213 (id
779 2148 866 2199 est
891 2142 1085 2214 oppida
1112 2142 1200 2198 vel
1244 2139 1467 2196 castella
1496 2152 1594 2196 seu
1623 2139 1808 2210 burgi)
1834 2140 2123 2197 comitibus
2150 2146 2241 2198 aut
2269 2144 2653 2213 episcopcrum

418 2234 642 2290 vasallis
667 2235 723 2287 in
754 2230 1070 2286 beneficium
1095 2243 1166 2285 ne
1193 2228 1506 2284 tribuantur.
1578 2228 1640 2284 ln
1666 2228 1911 2285 domibus
1940 2226 2294 2287 ecclesiaram
2320 2244 2434 2289 mec
2460 2244 2649 2290 comes

422 2337 528 2380 nec
549 2321 717 2388 judex
744 2320 882 2375 alius
911 2319 1163 2389 placitum
1189 2316 1401 2385 habeat,
1428 2320 1518 2372 aut
1544 2315 1831 2388 hospitIum
1860 2317 1965 2373 sibi
1991 2319 2262 2390 vindicet3
2300 2320 2400 2376 sed
2440 2321 2498 2377 in
2538 2336 2651 2393 pu-

424 2411 580 2468 blicis
606 2408 743 2463 vicis
774 2407 960 2461 domos
989 2409 1291 2476 constituat,
1320 2405 1513 2475 quibus
1540 2410 1734 2461 utatur.
1808 2407 2076 2477 Singulae
2105 2408 2297 2479 plebes
2339 2409 2653 2481 archipres-

424 2500 662 2570 byterum
690 2494 939 2566 habeant,
968 2496 1057 2566 qui
1085 2509 1192 2549 nou
1220 2500 1423 2551 tantum
1450 2494 1705 2566 populum
1732 2501 1897 2566 regat,
1936 2497 2032 2552 sed
2063 2501 2119 2553 et
2146 2495 2508 2569 presbyteros,
2551 2499 2653 2569 qai

421 2603 520 2660 per
547 2589 780 2643 minores
809 2586 994 2640 titulos
1023 2584 1277 2655 habitant,
1307 2586 1361 2640 in
1390 2582 1569 2640 officio
1596 2585 1898 2640 contiueat:
1924 2597 2030 2641 nec
2056 2586 2311 2645 obtendat
2339 2590 2653 2660 episcopus,

419 2677 636 2749 plebem
675 2673 1137 2744 archipresbytero
1176 2688 1285 2730 non
1333 2686 1511 2742 egere.
1582 2674 1833 2744 Apparet,
1876 2676 2061 2731 titulos
2102 2688 2247 2747 esse,
2294 2678 2435 2748 quod
2478 2674 2648 2735 hodie

423 2778 581 2823 curas
610 2765 699 2821 vel
743 2764 1027 2838 parochias
1067 2766 1291 2834 vocant3
1322 2750 1891 2835 archipresbyteratus,
1922 2764 2064 2835 quod
2104 2764 2266 2821 bodie
2306 2765 2651 2822 archidiaco-

418 2858 575 2913 natus
605 2858 694 2911 aut
722 2852 1259 2924 superintendentias.
1303 2850 1574 2908 Habemus
1602 2852 1692 2907 hic
1719 2854 1965 2909 civitates
1995 2868 2091 2925 pro
2121 2855 2415 2928 episcopis,
2442 2856 2645 2926 oppida

419 2944 507 3001 vel
535 2942 725 3013 plebes
753 2957 848 3013 pro
878 2942 1388 3012 archipresbyteris3
1423 2939 1609 2996 titulos
1637 2945 1874 2997 minores
1902 2944 1958 2998 in
1994 2944 2130 2998 vicis
2166 2957 2263 3013 pro
2306 2943 2643 3015 simplicibus

416 3032 748 3104 presbyteris
778 3043 874 3084 seu
904 3030 1166 3100 parochis.
1237 3030 1403 3086 Vicus
1444 3030 1534 3085 vei
1579 3034 1781 3101 partem
1821 3031 2005 3104 oppidi
2050 3031 2195 3105 facit,
2234 3033 2327 3090 vei
2365 3034 2546 3091 villam
2584 3037 2647 3093 in

418 3136 563 3193 agro,
592 3133 728 3191 quae
759 3117 1036 3174 Germanis
1063 3118 1303 3190 ‚,dorfa“,
1331 3118 1674 3190 ‚,viilagium“
1703 3118 1887 3175 Gallis.

557 3208 608 3264 9.
680 3206 856 3263 Pridie
896 3205 1009 3261 Kal.
1054 3206 1251 3277 Aprilis
1280 3207 1585 3276 Ageltrudis
1627 3208 1931 3278 imperatrix
1971 3205 2335 3264 Beneventum
2368 3212 2535 3282 venit,
2581 3217 2645 3269 et

412 3300 504 3370 (ut
549 3298 624 3352 ait
668 3295 957 3351 chronicon
997 3293 1160 3351 breve
1201 3294 1667 3366 Beneventanum]
1714 3298 1950 3365 Augusto
1996 3309 2184 3351 mense
2232 3310 2351 3352 cum
2396 3296 2642 3359 widone

412 3384 721 3442 marchione
761 3388 950 3439 iterum
994 3383 1278 3440 discedens
1326 3388 1382 3439 et
1421 3383 1635 3456 Papiam
1678 3392 1887 3457 petens,
1928 3384 2267 3453 Radelgisum
2304 3385 2521 3442 mtrem
2578 3391 2641 3447 iu

410 3475 764 3548 principatum
793 3474 1044 3545 restituit,
1068 3487 1172 3543 quo
1204 3473 1486 3529 duodecim
1517 3472 1629 3531 sere
1658 3475 1810 3529 aunis
1841 3476 2078 3530 caruisse
2120 3473 2371 3530 scribitur
2398 3475 2465 3531 ab
2496 3490 2647 3534 ano-

408 3575 568 3632 aymo
615 3563 1012 3619 Beneventano.
1098 3561 1205 3617 Sed
1252 3567 1506 3633 quantum
1552 3577 1621 3620 ex
1664 3561 2045 3633 Ercbemperto
2091 3566 2386 3636 computari
2435 3568 2641 3639 potest,

412 3652 810 3721 quatuordecim
832 3655 942 3721 jam
973 3652 1095 3707 anni
1123 3650 1189 3707 ab
1221 3654 1337 3721 ejus
1368 3652 1685 3723 expulsione
1714 3651 2041 3710 effluxerant.
2115 3650 2197 3709 Ob
2235 3651 2635 3727 simplicitatem

409 3739 627 3796 biennio
655 3743 861 3809 integro
888 3756 999 3798 non
1026 3744 1195 3798 tenuit
1219 3740 1415 3796 locum.

552 3830 635 3885 10.
707 3829 1019 3887 Lambertus
1055 3833 1179 3902 post
1220 3833 1539 3888 conventum
1579 3830 1868 3887 Ravennae
1902 3830 2155 3903 habitum,
2198 3829 2501 3889 inhiat-inci
2528 3845 2640 3889 ne-

407 3930 558 3984 more
604 3930 713 3975 nou
752 3921 939 3988 procul
984 3918 1262 3976 Placentia
1304 3922 1578 3976 venationi
1626 3926 1842 3992 operam
1889 3918 2078 3988 dabat3
2144 3935 2263 3977 cum
2307 3920 2636 3978 Adelbertus

408 4006 702 4063 Tuscorum
727 4007 963 4064 marchio
990 4011 1046 4065 et
1074 4004 1469 4064 Hildebrandus
1496 4014 1821 4079 praepotens
1847 4022 2030 4064 comes
2059 4012 2113 4066 in
2141 4024 2263 4066 eum
2292 4012 2634 4081 conspirant;

409 4095 763 4165 collectisque
804 4097 1016 4152 occulte
1057 4098 1247 4169 copiis,
1285 4102 1469 4153 monte
1497 4097 1754 4153 Bardonis
1783 4100 2054 4169 superato,
2081 4099 2351 4154 incautum
2376 4098 2639 4155 invadere

406 4186 681 4242 conantur.
752 4182 861 4239 Sed
887 4186 994 4255 ipsi
1021 4199 1116 4259 per
1144 4185 1526 4257 negligentiam
1555 4190 1801 4257 oppressi
1830 4190 1969 4241 sunt.
2042 4184 2215 4258 Prope
2241 4185 2639 4243 secter-tionem

408 4288 635 4347 amnem,
658 4286 766 4329 non
788 4273 974 4342 procul
1001 4270 1289 4347 Placentia,
1320 4278 1386 4333 ad
1417 4276 1635 4345 burgum
1672 4274 1725 4330 S.
1758 4272 2008 4330 nomnini
2036 4278 2212 4332 castra
2239 4278 2441 4347 metati,
2468 4278 2641 4332 noctu

404 4361 670 4431 neglectis
700 4361 977 4433 custodiis,
1005 4365 1144 4418 vino
1160 4378 1460 4436 somnoque
1485 4365 1683 4434 sepulti
1706 4362 1979 4435 jacebant.
2050 4362 2363 4421 Lambertus
2390 4365 2642 4421 nuntiato

404 4455 567 4523 motu,
594 4454 653 4508 ut
679 4456 796 4511 erat
824 4453 1095 4510 animosus
1125 4456 1181 4509 et
1205 4451 1433 4525 vividus,
1475 4452 1706 4510 collecta
1733 4453 1926 4526 raptim
1954 4466 2168 4509 suorum
2196 4466 2371 4524 manu,
2413 4454 2468 4507 in
2510 4454 2643 4523 ipso
