2817 4959
627 231 1160 302 ANNALES
1229 234 1690 320 IMPERII
2140 243 2267 311 433

18 417 197 476 »sque
233 402 552 477 expeditum
578 404 841 478 habebat3
883 411 938 464 et
962 407 1251 466 marchiam
1279 410 1638 468 'tridentinam
1665 413 1960 485 ingressus,
1999 414 2266 474 Veronam
2290 420 2356 490 Α,
2377 420 2510 496 934,

18 508 196 564 nsque
228 495 504 565 pervenit,
544 493 638 550 ubi
665 509 698 550 a
719 496 924 552 Milone
952 500 1148 554 comite
1181 504 1436 570 receptus
1464 503 1586 557 est.·
1612 501 1746 557 Sed
1771 501 1983 572 longius
2010 517 2267 573 progres-

19 598 142 639 ιιι-ο
187 597 342 639 sese
367 583 519 666 Hugo
547 597 644 641 rex
671 583 888 657 objecit,
918 588 973 642 et
997 586 1228 655 Bajoarii
1256 590 1469 659 equites
1503 604 1637 661 cum,
1685 591 1964 661 eruptione
1993 605 2061 648 ex
2089 596 2264 650 castro

18 671 384 740 {ausminge
419 671 580 743 sacta,
618 674 676 728 in
704 676 996 743 equitatum
1035 675 1272 744 Hugonis
1312 678 1648 749 incidissent,
1687 692 1879 747 magna
1905 679 2060 735 clade
2086 680 2267 737 affecti

18 765 157 816 cunt.
239 760 329 815 Eo
360 775 489 817 casu
517 761 665 817 calor
689 761 893 817 Amulli
920 762 1142 834 refrixit,
1187 780 1302 820 cum
1329 769 1647 834 praesertim
1676 766 1769 821 alii
1795 781 2050 838 proceres
2077 769 2264 826 Italiae

18 862 62 903 n
90 848 400 917 nugonem
438 861 547 908 non
590 854 987 920 consurgerent.
1059 853 1245 923 Itaque
1272 854 1375 909 iter
1403 855 1617 928 domum
1642 854 1852 924 relegit.
1923 857 2085 911 Addit
2112 856 2266 913 Luit-

18 937 287 1008 naudus,
318 951 515 1010 capere
543 938 796 996 Milouem
825 943 881 994 et
902 953 1088 995 secum
1111 941 1307 997 ducere
1329 943 1691 1013 constituisse,
1719 944 1817 1000 sed
1841 942 1983 1000 hunc
2007 945 2264 1002 maluisse

18 1026 76 1080 td
124 1025 387 1095 Engonis
432 1027 852 1083 misericordiam
893 1026 1199 1098 confugere.
1272 1029 1461 1100 Itaque
1500 1028 1753 1087 Arnulfus
1793 1033 2086 1089 munitione
2124 1036 2265 1090 intra

18 1115 302 1171 Veronam
330 1121 645 1187 expugnata,
691 1114 906 1172 fratrem
946 1117 1161 1174 Milonis
1189 1121 1247 1173 et
1271 1120 1653 1188 praesidiarios
1682 1133 1867 1175 secum
1895 1119 2132 1178 abduxit.
2205 1122 2264 1178 Si

18 1204 360 1273 suitprando
403 1205 686 1276 credimus,
726 1204 1006 1262 Ratherius
1035 1221 1151 1263 cum
1188 1207 1391 1263 Milone
1426 1212 1645 1265 vocarat
1681 1206 1957 1264 Arnulfum
1999 1222 2265 1279 suscepe-
2358 1205 2363 1212 ’

18 1299 233 1364 ratque,
276 1299 336 1348 et
375 1292 517 1365 ideo,
555 1296 872 1364 recuperata
897 1295 1125 1367 Verona,
1166 1295 1233 1351 ab
1262 1296 1486 1365 Hugone
1520 1299 1577 1352 in
1602 1295 1818 1353 vincula
1846 1299 2122 1366 conjectus
2151 1300 2262 1368 est;

18 1383 119 1438 sed
148 1381 298 1437 haec
323 1381 487 1437 facile
516 1385 659 1438 stare
688 1397 792 1438 non
821 1397 990 1453 posse
1015 1387 1294 1440 ostensum
1321 1388 1407 1440 est
1435 1385 1503 1440 ad
1531 1398 1579 1440 a.
1598 1383 1661 1440 D.
1681 1383 1803 1442 933.
1844 1427 1847 1432 .

163 1471 222 1526 4.
297 1469 505 1538 Sigonii
532 1473 799 1527 sententia
826 1470 1166 1528 Theobaldus
1194 1473 1429 1529 marchio
1450 1472 1753 1529 Camertum
1774 1477 1830 1530 et
1849 1473 2261 1548 Spoletinorum,

18 1561 172 1626 regis
215 1557 460 1627 Hugonis
500 1568 692 1628 nepos,
731 1572 874 1614 nunc
914 1561 1167 1615 decessit.
1247 1557 1301 1616 Is
1341 1576 1452 1617 non
1492 1562 1672 1617 multo·
1694 1567 1823 1618 ante
1862 1562 2260 1619 Beneventanis

18 1651 218 1704 coum
247 1645 485 1702 Graecos
518 1647 716 1702 auxilia
747 1647 959 1718 tulerat,
996 1649 1303 1717 insignique
1332 1652 1449 1704 erat
1473 1652 1699 1705 victoria
1738 1652 1955 1722 potitus,
1999 1666 2172 1722 quam,
2213 1653 2261 1707 si

18 1733 356 1807 Luitprando
394 1733 675 1804 credimus,
716 1733 1036 1790 crudelitate
1072 1733 1327 1791 foedavit.
1399 1736 1782 1803 successorem
1810 1741 1862 1793 ei
1890 1752 1986 1793 rex
2010 1738 2261 1794 Ausoba—

18 1828 164 1880 rium
191 1824 360 1894 dedit,
388 1823 550 1878 alium
574 1823 829 1892 nepotem
855 1836 925 1878 ex
952 1836 1135 1879 sorore
1162 1823 1519 1893 Ermeugarda
1549 1828 1606 1880 et
1628 1824 1922 1882 Adelberto
1956 1827 2260 1898 Eporediae

18 1912 357 1969 marchione.
409 1911 520 1967 Sed
537 1925 656 1967 cnm
683 1913 739 1966 in
767 1912 1128 1981 suspicionem
1148 1911 1404 1972 adductus
1427 1917 1590 1984 esset,
1617 1927 1715 1970 rex
1738 1915 1796 1969 in
1815 1928 1937 1969 eum
1959 1914 2261 1970 sarlionem

18 2001 460 2071 Burgundionem
488 1998 700 2055 occulte
727 1998 1054 2070 subornavit,
1083 2001 1174 2068 qui
1201 2000 1411 2056 viduam
1433 2000 1729 2057 Theobaldi
1754 2002 1989 2057 duxerat.
2044 2001 2098 2056 ls
2126 2016 2258 2071 pro-

19 2089 293 2145 vinciales
319 2087 498 2143 verbis
527 2090 582 2142 et
609 2088 764 2143 donis
792 2087 897 2142 sibi
927 2087 1194 2143 conciliat.
1263 2088 1608 2161 Anscharius,
1643 2093 1702 2145 ut
1728 2095 1844 2147 erat
1872 2089 2027 2146 sortis
2055 2093 2111 2146 et
2138 2092 2262 2147 ani-

21 2192 233 2248 mosus,
274 2192 394 2232 cum
430 2178 615 2247 paucis
643 2190 867 2244 magnae
893 2175 1124 2231 hostium
1151 2176 1471 2235 multitudini
1494 2191 1562 2234 se
1590 2191 1888 2250 opponens,
1923 2177 2256 2248 interficitur,

21 2265 207 2324 Sarno
247 2267 466 2333 ingente
502 2266 644 2333 regis
683 2264 877 2334 gaudio
919 2264 1153 2321 marchia
1194 2268 1409 2337 potitur.
1481 2267 1589 2322 Sed
1631 2266 1919 2323 chronicon
1947 2268 2257 2323 monasterii

20 2353 301 2410 Far-sensis
327 2355 383 2408 in
411 2356 629 2421 regione
656 2353 933 2423 Spoletina
958 2352 1143 2426 refert,
1172 2357 1356 2410 occiso
1383 2354 1692 2426 Auschario,
1719 2369 1902 2424 regem
1930 2356 2257 2424 indignatum

25 2445 86 2499 in
116 2442 412 2498 Sarilonem
440 2442 673 2513 duxisse,
712 2441 852 2498 hunc
895 2439 1074 2499 funem
1104 2443 1245 2499 collo
1287 2449 1563 2512 gerentem
1592 2457 1652 2501 se
1681 2446 1825 2513 regis
1853 2443 2258 2499 misericordiae

24 2532 294 2588 obtulisse
320 2534 377 2585 et
401 2531 610 2585 veniam
638 2533 974 2610 impetrasse.
1046 2530 1129 2586 An
1163 2532 1466 2603 marchiam,
1506 2545 1664 2602 quam
1693 2531 1930 2589 chronici
1957 2536 2111 2588 autor
2135 2532 2254 2588 Fir-

26 2634 241 2676 manam
266 2622 437 2690 vocat,
476 2620 769 2691 retinuerit,
808 2619 952 2675 idem
991 2624 1145 2674 autor
1185 2622 1241 2675 in
1277 2619 1506 2675 obscure
1542 2619 1811 2689 relinquit.
1882 2620 2094 2688 Augent
2118 2619 2255 2675 haec

30 2709 392 2778 suspicionem
425 2706 748 2777 Luitpraudi,
789 2709 942 2777 quasi
972 2710 1220 2763 conscius
1247 2722 1346 2762 rex
1378 2705 1786 2763 machinationis
1823 2710 1878 2762 in
1905 2706 2254 2763 Auscharium

27 2797 209 2854 fuerit.
269 2795 620 2852 Donationem
647 2794 884 2864 lingonis
911 2797 1057 2863 regis
1086 2794 1336 2851 Aleramo
1363 2792 1776 2851 monier-ratensi
1802 2793 2017 2866 factam,
2043 2795 2101 2851 in
2127 2797 2253 2852 anni

29 2886 194 2943 tinem
222 2883 420 2940 differo.
558 2943 563 2947 ,
1860 2891 1865 2896 ’
1950 2929 1953 2930 ⁷

174 2976 224 3029 5.
287 2972 362 3027 At
399 2972 657 3028 Henricus
701 2982 810 3028 non
855 2969 1042 3041 procul
1082 2969 1265 3026 Rheno
1308 2972 1434 3043 egit,
1479 2973 1537 3026 ut
1578 2971 1873 3044 supplicem
1914 2968 2252 3027 Heribertum

31 3066 282 3132 tueretur,
310 3074 467 3131 quem
495 3059 752 3118 Rudelfus
773 3066 827 3116 et
844 3060 995 3128 Hugo
1024 3060 1092 3115 ad
1119 3062 1312 3115 incitas
1338 3060 1669 3129 redigebant.
1724 3060 1793 3114 Et
1811 3060 1954 3130 quod
1972 3061 2252 3129 superiore

33 3165 174 3206 anno
199 3148 379 3205 facere
405 3147 474 3204 ab
500 3149 761 3218 Hungaris
801 3147 1098 3218 prohibitus
1140 3146 1332 3218 fuerat,
1371 3163 1514 3204 nunc
1538 3150 1764 3218 peregit.
1837 3148 1969 3204 Cum
1998 3162 2126 3217 ergo
2156 3162 2253 3204 ca-

35 3237 244 3294 stelium
277 3237 330 3293 S.
359 3236 673 3292 Theoderici
700 3252 732 3291 a
759 3236 987 3292 Rudolfo
1015 3240 1072 3292 et
1098 3235 1323 3306 lingone
1350 3241 1526 3294 acrius
1555 3240 1901 3310 premeretur,
1948 3250 2041 3293 rex
2069 3236 2251 3292 Gisel-

37 3326 241 3382 bertum
264 3324 684 3382 Lothariensium
704 3327 760 3382 et
777 3325 1100 3382 Eberardum
1129 3325 1448 3381 Francorum
1468 3326 1655 3383 ducem
1685 3326 1751 3382 ad
1778 3324 2061 3382 liudolfum
2089 3327 2251 3396 misit,

35 3418 113 3472 ita
137 3417 358 3471 castrum
385 3414 672 3480 obsessum
696 3413 925 3470 liudolfo
944 3415 1167 3485 deditur,
1193 3415 1446 3470 Hammus
1474 3418 1531 3471 et
1554 3415 1784 3471 Perrona
1801 3414 2086 3471 Heriberto
2114 3428 2250 3469 con-

38 3503 300 3573 ceduntur,
346 3505 402 3558 et
443 3502 693 3564 induciae
736 3502 865 3558 fiunt
907 3517 1078 3573 usque
1123 3503 1191 3558 ad
1229 3502 1346 3559 Kal.
1387 3503 1577 3559 Octob.
1650 3503 2084 3560 Recrudescente
2125 3501 2251 3559 dein

39 3590 196 3662 hello,
236 3589 550 3648 Gisilbertus
575 3592 859 3648 Heriberto
888 3575 1088 3647 auxilio
1114 3593 1281 3664 venit,
1309 3593 1364 3647 et
1390 3595 1622 3647 castrum
1650 3590 1706 3647 S.
1730 3591 1967 3654 Quintini
1994 3589 2251 3645 obsidere
2366 3602 2373 3608 ·

40 3681 268 3747 molitum
314 3679 411 3736 sed
451 3679 616 3750 legati
645 3680 712 3736 ab
739 3680 964 3750 Hugone
988 3681 1270 3737 venientes
1298 3681 1406 3736 rim
1434 3680 1799 3752 deprecantur,
1836 3682 1894 3734 et
1919 3676 2167 3733 inductae
2191 3679 2249 3733 in

42 3767 227 3836 unm
253 3772 564 3838 sequentem
592 3773 958 3841 prorogantur.

173 3856 221 3912 6.
289 3856 436 3913 liaeo
477 3858 852 3928 consideranti,
893 3858 1034 3914 haud
1072 3857 1370 3915 verisimile
1408 3861 1512 3931 est,
1551 3858 1657 3913 hec
1682 3869 1823 3912 anno
1852 3854 2248 3926 expeditionem

41 3945 364 4014 longinquam
402 3948 460 4001 in
499 3946 679 4026 Dauos
719 3950 1042 4017 susceptam.
1115 3946 1306 4018 Itaque
1346 3958 1530 4004 eorum
1559 3944 1858 4002 sententiae
1896 3947 2041 3999 stare
2066 3943 2248 4016 malui,

41 4036 130 4105 qui
166 4033 355 4090 faciunt
393 4033 693 4103 Hungarica
730 4037 959 4092 victoria
1001 4038 1336 4093 anteriorem.
1423 4035 1603 4091 Facile
1647 4038 1824 4090 tamen
1865 4035 2246 4104 concesserim,

40 4123 238 4193 Slaros,
274 4122 362 4191 qui
391 4124 675 4193 appendici
701 4124 989 4193 Reginonis
1017 4124 1209 4181 Uorani
1250 4123 1602 4197 appellantur,
1644 4120 1734 4176 vel
1771 4135 1911 4177 anno
1952 4123 2247 4193 superiore,

41 4211 125 4266 vel
149 4216 426 4281 praesente
443 4215 617 4269 victos
645 4216 704 4269 et
729 4213 828 4269 sub
855 4211 1106 4270 tributum
1133 4214 1357 4280 missos;
1389 4212 1570 4282 credo,
1600 4210 1740 4280 quod
1767 4211 2069 4281 Hungarico
2098 4213 2245 4265 motu

42 4301 124 4353 usi
147 4300 416 4357 saxoniam
449 4300 769 4358 turbassent.
844 4301 1064 4358 Octobri
1090 4314 1280 4358 mense
1306 4314 1491 4371 regem
1515 4303 1571 4356 iu
1599 4299 1914 4356 Alstedeusi
1946 4300 2147 4371 palatio
2176 4297 2243 4352 ad

45 4386 258 4443 confinia
282 4387 546 4446 Saxonum
566 4389 1057 4462 Thuringorumque
1082 4392 1260 4462 posito
1281 4391 1479 4464 egisse,
1500 4402 1569 4449 ex
1593 4389 1876 4465 privilegio
1897 4387 2107 4457 colligo,
2137 4399 2243 4455 quo

145 4505 386 4540 annius
415 4505 640 4541 ursan
668 4508 792 4542 τοι.
819 4497 882 4543 11.
1699 4499 1785 4565 28
