2817 4959
494 244 583 313 64
1071 245 1608 315 ANNALBS
1669 244 2128 316 luminu

244 418 468 498 &882
494 421 841 491 cognomines
865 423 1067 494 patrem
1093 435 1359 493 avumque
1382 421 1710 494 sepulturam
1736 421 1950 493 accepit
1981 423 2039 477 ia
2067 421 2220 494 aede,
2261 434 2409 493 quae
2451 422 2602 481 dicta
2638 428 2718 482 est
2779 495 2780 506 ἵ

489 507 666 580 Varia,
694 523 850 579 quam
876 508 1002 565 buic
1028 508 1119 567 fini
1146 512 1268 582 ipse
1295 514 1683 568 construxerat.
1753 509 1920 567 Panlo
1946 513 2072 567 ante
2110 523 2399 567 excessum
2443 513 2718 584 principis,
2779 509 2780 536 ¹

490 597 577 655 16.
605 597 722 654 Kal.
747 596 903 654 Febr.
933 604 1144 654 cometa
1171 600 1360 669 ingens
1387 599 1555 672 prima
1581 601 1757 655 noctis
1795 597 1927 654 bora
1954 595 2214 672 apparuit,
2256 613 2561 672 comasque
2597 615 2717 657 suas
2779 599 2780 630 ¹

489 701 650 757 supra
672 686 885 744 modum
912 688 1135 757 sparsit:
1165 688 1214 744 is
1241 691 1465 744 mortem
1492 690 1636 757 regis
1659 687 1972 758 clademque
1995 691 2177 757 gentis
2202 690 2526 760 praesagire
2553 690 2715 745 visus.
2779 683 2780 700 ¹

487 775 764 831 Exercitus
794 779 847 830 ia
870 775 1203 832 Normaunos
1229 779 1444 847 missus,
1473 775 1622 831 fatali
1650 775 1977 833 sideratioue
2003 780 2272 848 mentium,
2295 777 2494 834 andita
2519 778 2716 833 domini
2779 769 2780 788 ¹

489 866 676 935 morte,
704 863 943 934 dilapsus
968 868 1083 920 est:
1123 877 1228 919 nec
1255 865 1386 919 satis
1415 867 1637 935 apparet
1663 877 1825 920 causa
1853 866 2145 934 turpissimi
2167 864 2477 938 discessus,
2508 864 2714 936 quando

487 952 639 1009 nulla
665 951 732 1007 de
762 966 1082 1009 successore
1108 951 1364 1007 dubitatio
1395 955 1527 1022 erat,
1551 965 1655 1007 nec
1681 965 1810 1023 spes
1836 956 2077 1008 metusve
2106 952 2317 1009 domum
2345 955 2605 1011 vocabat.
2779 941 2780 978 ¹

627 1042 680 1099 3.
751 1042 822 1097 At
844 1042 1130 1097 Nor-manni
1155 1038 1431 1096 intellecta
1458 1043 1600 1109 regis
1629 1044 1800 1096 morte
1827 1040 2147 1112 exultantes,
2182 1045 2243 1098 et
2281 1056 2434 1115 pene
2473 1042 2710 1111 vestigiis
2779 1055 2780 1060 ¹

486 1131 799 1187 insistentes
817 1130 1193 1200 recedentium,
1207 1130 1385 1184 omnia
1402 1141 1575 1198 esque
1593 1129 1661 1184 ad
1679 1130 1959 1186 castellum
1974 1129 2368 1187 Confluentium
2389 1134 2506 1200 igni
2519 1131 2709 1188 deleat.

486 1220 634 1276 Tunc
649 1218 971 1289 Mogontiaci
991 1229 1170 1273 murus
1188 1220 1516 1273 restauratus
1537 1219 1624 1274 est
1642 1217 1897 1290 fossaque
1915 1219 2289 1277 circumducta.
2325 1219 2539 1277 Urbem
2558 1218 2706 1291 paulo
2779 1215 2780 1238 ¹

485 1313 613 1365 ante
647 1307 697 1364 3.
734 1307 848 1363 Kal.
886 1306 1100 1363 Jannar.
1138 1306 1330 1376 ingens
1369 1309 1545 1363 terrae
1587 1310 1761 1362 motas
1803 1313 2166 1364 concusserat.
2233 1308 2452 1367 Hostes
2489 1310 2707 1366 adverso

484 1396 714 1453 Mosella
752 1395 999 1451 Treviros
1043 1396 1314 1464 invadunt,
1356 1393 1673 1465 civibusque
1709 1397 1891 1452 caesis
1929 1396 2249 1468 rugatisque,
2301 1403 2485 1456 totam
2531 1397 2706 1453 urbem
2779 1411 2780 1420 ¹

483 1488 619 1556 ipsis
646 1484 813 1541 Nouis
842 1484 1040 1556 Aprilis
1066 1482 1371 1539 incendunt.
1440 1482 1613 1539 hietas
1654 1483 1852 1541 deinde
1883 1484 2192 1554 petentibus
2220 1486 2384 1544 Wala
2423 1490 2707 1559 episcopus

481 1573 593 1631 loci
625 1588 747 1630 cum
772 1571 1012 1630 Bertulso
1039 1572 1342 1628 Trevirensi
1380 1575 1440 1627 et
1468 1571 1732 1627 Adalardo
1761 1574 1958 1628 comite
1996 1575 2244 1630 occurrit.
2316 1574 2386 1631 In
2419 1587 2704 1645 congressu
2779 1637 2780 1648 χ

484 1662 693 1719 barbari
711 1663 945 1718 victores
971 1660 1149 1727 fncre3
1180 1660 1378 1715 cecidit
1389 1659 1562 1731 wala,
1590 1661 1676 1716 cui
1696 1658 1953 1717 Goericns
1972 1664 2269 1730 successit3
2301 1666 2519 1720 caeteri
2538 1662 2703 1733 fugam

483 1751 714 1821 capiunt.
769 1750 969 1807 Hostes
991 1755 1181 1822 tamen,
1207 1763 1326 1805 cu·
1344 1754 1533 1806 essent
1549 1751 1641 1821 qui
1658 1750 1991 1821 resisterent,
2018 1752 2126 1807 alio
2146 1750 2366 1825 flexere,
2397 1751 2495 1810 nbi
2515 1749 2704 1824 praeda

484 1842 705 1897 minoris
734 1843 1037 1909 constaret3
1065 1852 1171 1909 qua
1196 1838 1413 1894 tandem
1439 1838 1632 1908 onusti,
1661 1836 1953 1895 Huslonam
1978 1839 2207 1898 rediere.

620 1930 676 1984 4.
746 1928 993 1985 Extincto
1019 1928 1277 1999 principe,
1301 1939 1560 1999 proceres
1584 1929 1749 1996 partis
1776 1930 1928 1997 regui
1953 1927 2271 2002 Lethariani,
2299 1943 2452 2001 quae
2477 1932 2533 1988 el
2556 1939 2706 1986 cessa

483 2019 612 2089 erat,
639 2016 707 2073 ad
727 2015 933 2075 Galliae
958 2029 1115 2084 reges
1141 2017 1333 2072 iterum
1356 2029 1667 2087 respexere,
1693 2031 1728 2071 a
1754 2016 1947 2087 quibus
1973 2017 2148 2074 avulsi
2172 2022 2327 2075 eraut
2344 2023 2481 2088 ,iure
2507 2017 2703 2087 locarit,

483 2111 545 2162 ut
587 2105 850 2162 annalista
893 2105 1228 2161 Bertiuianus
1268 2104 1356 2159 bic
1397 2104 1487 2174 ait,
1524 2104 1581 2158 id
1618 2108 1710 2160 est
1747 2106 1803 2161 in
1829 2108 1935 2162 vim
1976 2106 2096 2177 lytri
2131 2122 2231 2163 seu
2268 2113 2329 2164 at
2371 2112 2533 2180 parte
2564 2109 2704 2176 jacta

482 2197 651 2250 totu-
677 2197 1005 2263 sei-raretum
1034 2206 1191 2262 quem
1210 2205 1428 2248 sensu-
1445 2206 1607 2262 supra
1624 2195 1886 2250 evicimus
1914 2195 1981 2251 ad
2000 2208 2050 2251 a.
2073 2195 2136 2252 D.
2156 2197 2281 2256 879.
2335 2195 2453 2253 Sed
2473 2194 2695 2253 consiliu

480 2284 768 2353 primorum
808 2281 963 2338 aulae
1004 2283 1209 2351 recepti
1248 2294 1357 2337 non
1398 2285 1524 2336 sunt
1561 2279 1632 2337 ob
1673 2288 2009 2344 aeramenta
2054 2283 2247 2342 Carolo
2287 2291 2524 2355 angusto
2565 2284 2697 2352 data,
2779 2283 2780 2296 ¹

480 2370 653 2440 quiin
682 2368 859 2424 fratris
881 2372 1001 2437 jura
1028 2368 1381 2425 succedebat:
1425 2374 1482 2426 et
1509 2368 1690 2426 Caroli
1728 2375 2067 2429 autoritatem
2095 2387 2160 2428 ac
2187 2373 2346 2430 fidem
2373 2374 2699 2431 adolescen-

478 2459 609 2514 tium
632 2470 814 2527 regum
834 2455 1125 2513 consiliarii
1143 2457 1519 2529 sequebantur.
1581 2458 1690 2514 Sed
1717 2474 1821 2516 nec
1836 2461 2018 2517 borum
2036 2466 2209 2532 major
2231 2467 2360 2519 natu
2379 2461 2698 2529 Ludovicus,

476 2547 582 2603 nisi
611 2546 815 2615 aliquot
838 2544 1128 2616 mensibus,
1169 2547 1479 2618 supervixit.
1551 2548 1684 2604 Nam
1713 2564 1832 2604 cum
1860 2548 2191 2606 Theoderico
2227 2550 2366 2607 duce
2404 2552 2697 2607 exercitum

475 2635 535 2691 in
573 2634 904 2691 Normannos
952 2635 1232 2692 citeriores
1270 2637 1544 2704 misisset3
1590 2638 1711 2707 ipse
1751 2651 1870 2694 cum
1909 2638 2032 2693 aliis
2072 2639 2245 2708 copiis
2284 2643 2605 2711 recepturus
2643 2638 2698 2692 in
2779 2633 2780 2636 ’

476 2722 636 2779 iidem
665 2722 933 2779 Britoau-
962 2724 1248 2796 principes,
1287 2726 1426 2781 etin
1454 2723 1787 2783 Not-mannes
1808 2725 1985 2795 Ligeri
2009 2723 2241 2782 infestes
2267 2726 2595 2798 bellaturus,
2633 2723 2699 2781 ad

474 2812 714 2869 Turones
742 2814 990 2884 perrexit.
1061 2811 1362 2882 Andagavis
1392 2828 1511 2870 cum
1539 2813 1796 2883 Hastingo
1818 2818 1882 2870 et
1906 2812 2220 2869 Nomauis
2257 2814 2330 2871 de
2369 2828 2512 2886 pace
2554 2820 2700 2871 trac-
2779 2821 2780 2824 ’

474 2903 674 2957 tantem
700 2901 915 2958 morbus
935 2904 1200 2972 corripuit.
1255 2902 1407 2959 Unde
1427 2903 1493 2960 ad
1512 2904 1567 2959 S.
1585 2903 1828 2974 Dionysii
1853 2903 2232 2959 monasterium
2256 2901 2456 2960 lectica
2471 2902 2696 2972 relatus,
2779 2977 2780 2980 Ἴ

473 3001 695 3058 magnae
724 2993 844 3060 spei
865 2993 1100 3060 juvenis,
1140 2992 1190 3045 si
1218 2990 1478 3061 Reginoni
1521 2993 1800 3062 credtrnus,
1839 2993 2118 3048 immatura
2152 2995 2324 3048 morte
2363 2991 2612 3049 decessit
2642 2989 2691 3045 3.
2779 2983 2780 2988 ’

472 3076 609 3134 Non.
636 3078 788 3148 Aug„
814 3080 873 3131 ut
898 3076 1116 3135 Mabilio
1143 3081 1198 3134 in
1230 3094 1395 3150 opere
1425 3079 1766 3150 diplomatico
1795 3095 1865 3137 ex
1892 3080 2151 3138 chartario
2180 3080 2421 3137 Folcuini
2447 3075 2693 3136 monachi

473 3163 759 3222 sithiensis
802 3165 975 3223 docet.
1046 3167 1280 3223 Aimoini
1319 3169 1652 3224 continuator
1693 3172 1849 3238 quasi
1887 3170 2212 3226 vanitatibus
2248 3172 2307 3226 et
2347 3165 2690 3244 immunditiis
2779 3223 2780 3226 ,

473 3253 689 3327 plenum
717 3252 995 3311 deformat.
1066 3255 1215 3311 Adeo
1238 3255 1456 3325 judiciis
1483 3258 1730 3311 variatur.
1787 3256 2136 3330 Crediderim,
2163 3271 2321 3314 manu
2347 3262 2603 3329 promtum
2630 3254 2685 3306 et

470 3342 703 3414 mgeaio,
716 3342 1029 3412 juveniliter
1046 3343 1333 3400 exultasse.
1386 3343 1581 3404 Paulus
1599 3343 1880 3407 Aemilius.
1906 3345 2190 3426 Andream,
2219 3346 2399 3420 credo,
2424 3340 2678 3403 biarchia-

471 3445 712 3504 uensem,
752 3432 1066 3490 monachum
1111 3430 1388 3488 Flandrum
1423 3433 1698 3505 ineditum,
1740 3430 1919 3489 Beslio
1966 3435 2128 3490 etiam
2174 3436 2412 3505 citatum,
2453 3432 2679 3496 secum,

472 3523 667 3592 narrat,
710 3533 830 3577 mm
855 3521 1087 3591 puellam
1115 3526 1531 3593 persequeretur
1565 3522 1782 3578 nomine
1812 3520 2186 3594 Gen-mandem,
2222 3525 2428 3596 impetn
2467 3520 2590 3590 equi
2628 3517 2683 3570 in

470 3609 686 3667 humilis
712 3611 841 3665 ostii
866 3612 1115 3680 superius
1141 3609 1304 3666 limen
1344 3610 1563 3683 illisum,
1606 3619 1675 3665 ex
1714 3613 1862 3678 gravi
1897 3613 2076 3668 attritu
2110 3615 2334 3668 mortem
2370 3610 2680 3683 oppetiisse.

469 3698 543 3754 At
563 3712 600 3754 a
631 3700 794 3755 nimia
821 3696 1131 3766 fatigatione
1158 3702 1347 3769 nuperi
1373 3700 1562 3771 praelii
1589 3698 1829 3756 morbum
1867 3699 2086 3758 letalem
2127 3701 2478 3773 contraxisse,
2516 3694 2684 3753 Albe-
2779 3693 2780 3716 ¹

468 3789 614 3844 ricus
640 3785 980 3844 minumus
1009 3800 1078 3842 ex
1106 3785 1347 3843 Gnidone
1376 3791 1724 3860 transcripsit.

610 3879 685 3931 5.·
733 3875 990 3932 Proceres
1033 3875 1284 3949 expedito
1328 3879 1516 3932 nuntio
1556 3876 2000 3936 Carolomannum
2038 3891 2077 3934 a
2115 3877 2361 3935 Viennae
2404 3874 2682 3933 obsidione

470 3964 759 4021 advocant:
800 3978 907 4033 qua
931 3963 1027 4021 ille
1051 3965 1279 4022 ducibus
1306 3968 1692 4038 commendata,
1722 3965 1950 4024 festinus
1976 3970 2142 4038 venit,
2169 3973 2227 4024 et
2252 3971 2302 4022 5.
2331 3966 2410 4023 Id.
2436 3965 2683 4037 septen·

469 4053 582 4111 bris
608 4055 665 4110 in
685 4052 972 4125 carisiaco,
994 4053 1305 4125 petentibus
1324 4056 1614 4128 episcopis,
1640 4057 1728 4111 avi
1743 4053 1921 4112 Caroli
1938 4058 2295 4127 imperatoris,
2323 4053 2612 4112 novissime
2627 4048 2682 4101 i!

468 4144 674 4201 ltaliam
702 4140 1107 4216 proficiscentis,
1137 4143 1371 4215 capitula
1393 4143 1738 4200 confirmavit.
1795 4144 1923 4199 Tum
1957 4146 2249 4200 exercitum
2280 4143 2677 4201 innotamus

471 4233 720 4303 collegit:
762 4245 990 4303 cumque
1014 4233 1072 4287 in
1098 4235 1376 4302 procinctu
1404 4238 1574 4303 esset,
1611 4233 1754 4290 laete
1782 4235 1969 4288 nuntio
1997 4232 2259 4292 Viennam
2287 4239 2494 4307 captam
2521 4235 2679 4284 ³000·

469 4325 564 4393 pit.
639 4319 934 4378 Obsidione
964 4323 1076 4389 jam
1116 4323 1172 4376 in
1210 4324 1423 4378 tertium
1453 4335 1645 4378 annum
1685 4325 1965 4392 protracta,
2006 4320 2224 4378 obsessi
2263 4337 2440 4380 rerum
2465 4309 2677 4391 penaria

467 4410 538 4466 ad
565 4409 890 4470 deditionem
929 4408 1105 4466 adacti
1145 4411 1286 4467 suut.
1356 4408 1646 4469 Ricbardus
1683 4409 1790 4466 dux
1815 4409 2243 4481 Burgundionum
2275 4410 2676 4483 Cisjuranorum2
