<?xml version="1.0" encoding="UTF-8"?>
<!DOCTYPE html PUBLIC "-//W3C//DTD XHTML 1.0 Transitional//EN"
    "http://www.w3.org/TR/xhtml1/DTD/xhtml1-transitional.dtd">
<html xmlns="http://www.w3.org/1999/xhtml" xml:lang="en" lang="en">
 <head>
  <title>
</title>
<meta http-equiv="Content-Type" content="text/html;charset=utf-8" />
  <meta name='ocr-system' content='tesseract 3.04.00' />
  <meta name='ocr-capabilities' content='ocr_page ocr_carea ocr_par ocr_line ocrx_word'/>
</head>
<body>
  <div class='ocr_page' id='page_1' title='image "./godofrwilhleibn00pertgoog/godofrwilhleibn00pertgoog_0523.png"; bbox 0 0 2817 4959; ppageno 0'>
   <div class='ocr_carea' id='block_1_1' title="bbox 642 268 2285 384">
    <p class='ocr_par' dir='ltr' id='par_1_1' title="bbox 642 268 2285 384">
     <span class='ocr_line' id='line_1_1' title="bbox 642 268 2285 384; baseline 0.003 -7"><span class='ocrx_word' id='word_1_1' title='bbox 642 304 1174 379; x_wconf 64' lang='lat' dir='ltr'><strong>Ammius</strong></span> <span class='ocrx_word' id='word_1_2' title='bbox 1245 306 1708 379; x_wconf 75' lang='lat' dir='ltr'><strong>IMPERII</strong></span> <span class='ocrx_word' id='word_1_3' title='bbox 1817 268 1830 279; x_wconf 55' lang='grc'><strong>“</strong></span> <span class='ocrx_word' id='word_1_4' title='bbox 2156 312 2285 384; x_wconf 72' lang='lat' dir='ltr'><strong>sos</strong></span> 
     </span>
    </p>
   </div>
   <div class='ocr_carea' id='block_1_2' title="bbox 36 478 2533 3122">
    <p class='ocr_par' dir='ltr' id='par_1_2' title="bbox 36 478 2533 3122">
     <span class='ocr_line' id='line_1_2' title="bbox 37 478 2533 555; baseline 0.002 -18"><span class='ocrx_word' id='word_1_5' title='bbox 37 480 235 555; x_wconf 68' lang='lat' dir='ltr'><strong>sldit,</strong></span> <span class='ocrx_word' id='word_1_6' title='bbox 265 482 449 553; x_wconf 77' lang='lat' dir='ltr'><strong>ipsum</strong></span> <span class='ocrx_word' id='word_1_7' title='bbox 476 478 881 540; x_wconf 88' lang='lat' dir='ltr'><strong>dilectissimum</strong></span> <span class='ocrx_word' id='word_1_8' title='bbox 899 481 1124 542; x_wconf 72' lang='lat' dir='ltr'><strong>filiorum</strong></span> <span class='ocrx_word' id='word_1_9' title='bbox 1144 482 1430 542; x_wconf 79' lang='lat' dir='ltr'><strong>ilenricum</strong></span> <span class='ocrx_word' id='word_1_10' title='bbox 1447 485 1504 541; x_wconf 90' lang='lat' dir='ltr'><strong>in</strong></span> <span class='ocrx_word' id='word_1_11' title='bbox 1520 482 1762 541; x_wconf 79' lang='lat' dir='ltr'><strong>vexanda</strong></span> <span class='ocrx_word' id='word_1_12' title='bbox 1779 485 1948 541; x_wconf 71' lang='lat' dir='ltr'><strong>maim</strong></span> <span class='ocrx_word' id='word_1_13' title='bbox 1963 484 2110 555; x_wconf 89' lang='lat' dir='ltr'><strong>regis</strong></span> <span class='ocrx_word' id='word_1_14' title='bbox 2127 485 2289 555; x_wconf 79' lang='lat' dir='ltr'><strong>adju-</strong></span> <span class='ocrx_word' id='word_1_15' title='bbox 2314 484 2382 555; x_wconf 68' lang='grc' dir='ltr'><strong>Α.</strong></span> <span class='ocrx_word' id='word_1_16' title='bbox 2398 482 2533 554; x_wconf 68' lang='lat'><strong>041.</strong></span> 
     </span>
     <span class='ocr_line' id='line_1_3' title="bbox 37 570 2294 642; baseline 0.002 -16"><span class='ocrx_word' id='word_1_17' title='bbox 37 573 182 627; x_wconf 79' lang='lat' dir='ltr'><strong>orio</strong></span> <span class='ocrx_word' id='word_1_18' title='bbox 207 584 400 627; x_wconf 87' lang='lat' dir='ltr'><strong>usum.</strong></span> <span class='ocrx_word' id='word_1_19' title='bbox 469 570 529 626; x_wconf 84' lang='lat' dir='ltr'><strong>ld</strong></span> <span class='ocrx_word' id='word_1_20' title='bbox 549 571 917 642; x_wconf 75' lang='lat' dir='ltr'><strong>quaerebatur,</strong></span> <span class='ocrx_word' id='word_1_21' title='bbox 935 578 993 628; x_wconf 91' lang='lat' dir='ltr'><strong>ut</strong></span> <span class='ocrx_word' id='word_1_22' title='bbox 1011 573 1315 642; x_wconf 74' lang='lat' dir='ltr'><strong>adigeretur</strong></span> <span class='ocrx_word' id='word_1_23' title='bbox 1332 573 1400 630; x_wconf 86' lang='lat' dir='ltr'><strong>ad</strong></span> <span class='ocrx_word' id='word_1_24' title='bbox 1418 572 1666 629; x_wconf 78' lang='lat' dir='ltr'><strong>velamen</strong></span> <span class='ocrx_word' id='word_1_25' title='bbox 1683 573 1996 629; x_wconf 89' lang='lat' dir='ltr'><strong>sumendum</strong></span> <span class='ocrx_word' id='word_1_26' title='bbox 2014 578 2070 629; x_wconf 90' lang='lat' dir='ltr'><strong>et</strong></span> <span class='ocrx_word' id='word_1_27' title='bbox 2088 573 2294 637; x_wconf 81' lang='lat' dir='ltr'><strong>dotalia</strong></span> 
     </span>
     <span class='ocr_line' id='line_1_4' title="bbox 38 659 2289 731; baseline 0.002 -17"><span class='ocrx_word' id='word_1_28' title='bbox 38 659 281 716; x_wconf 59' lang='lat' dir='ltr'><strong>taedia</strong></span> <span class='ocrx_word' id='word_1_29' title='bbox 310 659 680 731; x_wconf 87' lang='lat' dir='ltr'><strong>relinquenda,</strong></span> <span class='ocrx_word' id='word_1_30' title='bbox 720 659 913 730; x_wconf 91' lang='lat' dir='ltr'><strong>quibus</strong></span> <span class='ocrx_word' id='word_1_31' title='bbox 940 660 1172 719; x_wconf 76' lang='lat' dir='ltr'><strong>fortasse</strong></span> <span class='ocrx_word' id='word_1_32' title='bbox 1198 661 1461 718; x_wconf 84' lang='lat' dir='ltr'><strong>lieurlcus</strong></span> <span class='ocrx_word' id='word_1_33' title='bbox 1487 659 1742 717; x_wconf 79' lang='lat' dir='ltr'><strong>inhiabat.</strong></span> <span class='ocrx_word' id='word_1_34' title='bbox 1815 659 2048 730; x_wconf 79' lang='lat' dir='ltr'><strong>Reginae</strong></span> <span class='ocrx_word' id='word_1_35' title='bbox 2075 660 2289 718; x_wconf 81' lang='lat' dir='ltr'><strong>ottonis</strong></span> 
     </span>
     <span class='ocr_line' id='line_1_5' title="bbox 39 748 2291 821; baseline 0.002 -19"><span class='ocrx_word' id='word_1_36' title='bbox 39 748 368 804; x_wconf 85' lang='lat' dir='ltr'><strong>imultates</strong></span> <span class='ocrx_word' id='word_1_37' title='bbox 387 750 560 804; x_wconf 88' lang='lat' dir='ltr'><strong>minus</strong></span> <span class='ocrx_word' id='word_1_38' title='bbox 581 749 953 818; x_wconf 72' lang='lat' dir='ltr'><strong>inexpectatae</strong></span> <span class='ocrx_word' id='word_1_39' title='bbox 972 750 1298 821; x_wconf 87' lang='lat' dir='ltr'><strong>acciderant,</strong></span> <span class='ocrx_word' id='word_1_40' title='bbox 1325 749 1543 805; x_wconf 74' lang='lat' dir='ltr'><strong>ilenrici</strong></span> <span class='ocrx_word' id='word_1_41' title='bbox 1566 749 1941 818; x_wconf 77' lang='lat' dir='ltr'><strong>ingratitudine</strong></span> <span class='ocrx_word' id='word_1_42' title='bbox 1961 749 2291 820; x_wconf 83' lang='lat' dir='ltr'><strong>tangebatur.</strong></span> 
     </span>
     <span class='ocr_line' id='line_1_6' title="bbox 40 834 2291 908; baseline 0.002 -17"><span class='ocrx_word' id='word_1_43' title='bbox 40 840 245 907; x_wconf 81' lang='lat' dir='ltr'><strong>taque</strong></span> <span class='ocrx_word' id='word_1_44' title='bbox 266 835 477 893; x_wconf 86' lang='lat' dir='ltr'><strong>relictis</strong></span> <span class='ocrx_word' id='word_1_45' title='bbox 496 835 653 892; x_wconf 88' lang='lat' dir='ltr'><strong>bonis</strong></span> <span class='ocrx_word' id='word_1_46' title='bbox 674 851 706 892; x_wconf 97' lang='lat' dir='ltr'><strong>a</strong></span> <span class='ocrx_word' id='word_1_47' title='bbox 724 837 911 892; x_wconf 88' lang='lat' dir='ltr'><strong>marito</strong></span> <span class='ocrx_word' id='word_1_48' title='bbox 931 834 1086 908; x_wconf 88' lang='lat' dir='ltr'><strong>datis,</strong></span> <span class='ocrx_word' id='word_1_49' title='bbox 1115 837 1181 892; x_wconf 90' lang='lat' dir='ltr'><strong>ad</strong></span> <span class='ocrx_word' id='word_1_50' title='bbox 1201 837 1554 893; x_wconf 89' lang='lat' dir='ltr'><strong>haereditaria</strong></span> <span class='ocrx_word' id='word_1_51' title='bbox 1573 849 1671 892; x_wconf 84' lang='lat' dir='ltr'><strong>sna</strong></span> <span class='ocrx_word' id='word_1_52' title='bbox 1687 838 1908 907; x_wconf 86' lang='lat' dir='ltr'><strong>praedia</strong></span> <span class='ocrx_word' id='word_1_53' title='bbox 1931 839 1988 894; x_wconf 89' lang='lat' dir='ltr'><strong>in</strong></span> <span class='ocrx_word' id='word_1_54' title='bbox 2005 837 2291 908; x_wconf 81' lang='lat' dir='ltr'><strong>Auguriam</strong></span> 
     </span>
     <span class='ocr_line' id='line_1_7' title="bbox 37 923 2290 998; baseline 0 -18"><span class='ocrx_word' id='word_1_55' title='bbox 37 927 319 995; x_wconf 70' lang='lat' dir='ltr'><strong>recessit,</strong></span> <span class='ocrx_word' id='word_1_56' title='bbox 348 924 540 996; x_wconf 88' lang='lat' dir='ltr'><strong>quibus</strong></span> <span class='ocrx_word' id='word_1_57' title='bbox 568 923 839 980; x_wconf 89' lang='lat' dir='ltr'><strong>liberrimo</strong></span> <span class='ocrx_word' id='word_1_58' title='bbox 861 927 980 991; x_wconf 79' lang='lat' dir='ltr'><strong>jure</strong></span> <span class='ocrx_word' id='word_1_59' title='bbox 1008 924 1268 983; x_wconf 88' lang='lat' dir='ltr'><strong>utebatur.</strong></span> <span class='ocrx_word' id='word_1_60' title='bbox 1334 925 1442 981; x_wconf 89' lang='lat' dir='ltr'><strong>Sed</strong></span> <span class='ocrx_word' id='word_1_61' title='bbox 1469 939 1566 982; x_wconf 84' lang='lat' dir='ltr'><strong>rex</strong></span> <span class='ocrx_word' id='word_1_62' title='bbox 1593 939 1715 980; x_wconf 80' lang='lat' dir='ltr'><strong>mox</strong></span> <span class='ocrx_word' id='word_1_63' title='bbox 1741 924 1952 995; x_wconf 82' lang='lat' dir='ltr'><strong>flagella</strong></span> <span class='ocrx_word' id='word_1_64' title='bbox 1969 925 2073 981; x_wconf 89' lang='lat' dir='ltr'><strong>Dei</strong></span> <span class='ocrx_word' id='word_1_65' title='bbox 2100 928 2290 998; x_wconf 89' lang='lat' dir='ltr'><strong>sensit,</strong></span> 
     </span>
     <span class='ocr_line' id='line_1_8' title="bbox 37 1013 2292 1086; baseline -0 -15"><span class='ocrx_word' id='word_1_66' title='bbox 37 1014 216 1071; x_wconf 87' lang='lat' dir='ltr'><strong>rebus</strong></span> <span class='ocrx_word' id='word_1_67' title='bbox 246 1013 513 1069; x_wconf 88' lang='lat' dir='ltr'><strong>hactenus</strong></span> <span class='ocrx_word' id='word_1_68' title='bbox 539 1013 812 1083; x_wconf 80' lang='lat' dir='ltr'><strong>prosperis</strong></span> <span class='ocrx_word' id='word_1_69' title='bbox 839 1016 982 1068; x_wconf 87' lang='lat' dir='ltr'><strong>retro</strong></span> <span class='ocrx_word' id='word_1_70' title='bbox 1009 1013 1299 1086; x_wconf 70' lang='lat' dir='ltr'><strong>sublapsis,</strong></span> <span class='ocrx_word' id='word_1_71' title='bbox 1369 1013 1431 1068; x_wconf 87' lang='lat' dir='ltr'><strong>ld</strong></span> <span class='ocrx_word' id='word_1_72' title='bbox 1459 1013 1756 1069; x_wconf 80' lang='lat' dir='ltr'><strong>doctissimi</strong></span> <span class='ocrx_word' id='word_1_73' title='bbox 1781 1013 2125 1084; x_wconf 73' lang='lat' dir='ltr'><strong>hagiographi</strong></span> <span class='ocrx_word' id='word_1_74' title='bbox 2150 1014 2292 1070; x_wconf 80' lang='lat' dir='ltr'><strong>Ant-</strong></span> 
     </span>
     <span class='ocr_line' id='line_1_9' title="bbox 37 1099 2292 1174; baseline 0 -15"><span class='ocrx_word' id='word_1_75' title='bbox 37 1105 383 1174; x_wconf 82' lang='lat' dir='ltr'><strong>rerpienses</strong></span> <span class='ocrx_word' id='word_1_76' title='bbox 414 1101 482 1157; x_wconf 88' lang='lat' dir='ltr'><strong>ad</strong></span> <span class='ocrx_word' id='word_1_77' title='bbox 510 1100 606 1157; x_wconf 85' lang='lat' dir='ltr'><strong>filii</strong></span> <span class='ocrx_word' id='word_1_78' title='bbox 635 1105 692 1157; x_wconf 92' lang='lat' dir='ltr'><strong>et</strong></span> <span class='ocrx_word' id='word_1_79' title='bbox 717 1103 905 1171; x_wconf 80' lang='lat' dir='ltr'><strong>generi</strong></span> <span class='ocrx_word' id='word_1_80' title='bbox 931 1099 1285 1158; x_wconf 88' lang='lat' dir='ltr'><strong>rebellionem</strong></span> <span class='ocrx_word' id='word_1_81' title='bbox 1312 1099 1567 1172; x_wconf 78' lang='lat' dir='ltr'><strong>referunt,</strong></span> <span class='ocrx_word' id='word_1_82' title='bbox 1610 1101 1708 1157; x_wconf 88' lang='lat' dir='ltr'><strong>sed</strong></span> <span class='ocrx_word' id='word_1_83' title='bbox 1736 1104 1863 1157; x_wconf 89' lang='lat' dir='ltr'><strong>tunc</strong></span> <span class='ocrx_word' id='word_1_84' title='bbox 1888 1102 2081 1159; x_wconf 84' lang='lat' dir='ltr'><strong>Editha</strong></span> <span class='ocrx_word' id='word_1_85' title='bbox 2106 1104 2292 1171; x_wconf 85' lang='lat' dir='ltr'><strong>regina</strong></span> 
     </span>
     <span class='ocr_line' id='line_1_10' title="bbox 37 1189 2291 1271; baseline 0 -25"><span class='ocrx_word' id='word_1_86' title='bbox 37 1189 195 1246; x_wconf 82' lang='lat' dir='ltr'><strong>haud</strong></span> <span class='ocrx_word' id='word_1_87' title='bbox 226 1193 529 1261; x_wconf 82' lang='lat' dir='ltr'><strong>supererat,</strong></span> <span class='ocrx_word' id='word_1_88' title='bbox 555 1203 714 1261; x_wconf 87' lang='lat' dir='ltr'><strong>quam</strong></span> <span class='ocrx_word' id='word_1_89' title='bbox 742 1191 957 1261; x_wconf 88' lang='lat' dir='ltr'><strong>propria</strong></span> <span class='ocrx_word' id='word_1_90' title='bbox 984 1191 1187 1260; x_wconf 87' lang='lat' dir='ltr'><strong>pietate</strong></span> <span class='ocrx_word' id='word_1_91' title='bbox 1214 1195 1271 1271; x_wconf 72' lang='lat' dir='ltr'><strong>et</strong></span> <span class='ocrx_word' id='word_1_92' title='bbox 1303 1190 1639 1247; x_wconf 83' lang='lat' dir='ltr'><strong>sacerdotum</strong></span> <span class='ocrx_word' id='word_1_93' title='bbox 1666 1203 2055 1262; x_wconf 77' lang='lat' dir='ltr'><strong>procerumque</strong></span> <span class='ocrx_word' id='word_1_94' title='bbox 2079 1190 2291 1247; x_wconf 75' lang='lat' dir='ltr'><strong>hortatu</strong></span> 
     </span>
     <span class='ocr_line' id='line_1_11' title="bbox 36 1277 2292 1350; baseline 0 -16"><span class='ocrx_word' id='word_1_95' title='bbox 36 1280 309 1334; x_wconf 85' lang='lat' dir='ltr'><strong>maritum</strong></span> <span class='ocrx_word' id='word_1_96' title='bbox 328 1279 395 1334; x_wconf 88' lang='lat' dir='ltr'><strong>ad</strong></span> <span class='ocrx_word' id='word_1_97' title='bbox 414 1279 798 1350; x_wconf 87' lang='lat' dir='ltr'><strong>poenitentiam</strong></span> <span class='ocrx_word' id='word_1_98' title='bbox 817 1278 1139 1349; x_wconf 82' lang='lat' dir='ltr'><strong>perduxisse</strong></span> <span class='ocrx_word' id='word_1_99' title='bbox 1155 1277 1479 1349; x_wconf 82' lang='lat' dir='ltr'><strong>biographus</strong></span> <span class='ocrx_word' id='word_1_100' title='bbox 1497 1278 1701 1334; x_wconf 83' lang='lat' dir='ltr'><strong>scribit.</strong></span> <span class='ocrx_word' id='word_1_101' title='bbox 1781 1279 1896 1336; x_wconf 79' lang='lat' dir='ltr'><strong>Rex</strong></span> <span class='ocrx_word' id='word_1_102' title='bbox 1913 1292 2041 1348; x_wconf 87' lang='lat' dir='ltr'><strong>ergo</strong></span> <span class='ocrx_word' id='word_1_103' title='bbox 2061 1282 2292 1350; x_wconf 78' lang='lat' dir='ltr'><strong>optimas</strong></span> 
     </span>
     <span class='ocr_line' id='line_1_12' title="bbox 37 1365 2293 1439; baseline -0 -16"><span class='ocrx_word' id='word_1_104' title='bbox 37 1369 211 1423; x_wconf 85' lang='lat' dir='ltr'><strong>matri</strong></span> <span class='ocrx_word' id='word_1_105' title='bbox 238 1380 311 1422; x_wconf 84' lang='lat' dir='ltr'><strong>ex</strong></span> <span class='ocrx_word' id='word_1_106' title='bbox 329 1366 558 1436; x_wconf 80' lang='lat' dir='ltr'><strong>Auguria</strong></span> <span class='ocrx_word' id='word_1_107' title='bbox 577 1367 822 1424; x_wconf 84' lang='lat' dir='ltr'><strong>redeunti</strong></span> <span class='ocrx_word' id='word_1_108' title='bbox 844 1367 987 1439; x_wconf 82' lang='lat' dir='ltr'><strong>apud</strong></span> <span class='ocrx_word' id='word_1_109' title='bbox 1007 1366 1235 1424; x_wconf 83' lang='lat' dir='ltr'><strong>Grouam</strong></span> <span class='ocrx_word' id='word_1_110' title='bbox 1262 1368 1350 1438; x_wconf 81' lang='lat' dir='ltr'><strong>(id</strong></span> <span class='ocrx_word' id='word_1_111' title='bbox 1369 1370 1457 1424; x_wconf 87' lang='lat' dir='ltr'><strong>est</strong></span> <span class='ocrx_word' id='word_1_112' title='bbox 1474 1365 1806 1436; x_wconf 85' lang='lat' dir='ltr'><strong>Gottingam)</strong></span> <span class='ocrx_word' id='word_1_113' title='bbox 1832 1369 2080 1437; x_wconf 87' lang='lat' dir='ltr'><strong>occurrit,</strong></span> <span class='ocrx_word' id='word_1_114' title='bbox 2107 1365 2293 1423; x_wconf 77' lang='lat' dir='ltr'><strong>fusus-</strong></span> 
     </span>
     <span class='ocr_line' id='line_1_13' title="bbox 37 1453 2293 1526; baseline 0 -15"><span class='ocrx_word' id='word_1_115' title='bbox 37 1467 161 1525; x_wconf 86' lang='lat' dir='ltr'><strong>que</strong></span> <span class='ocrx_word' id='word_1_116' title='bbox 202 1456 267 1511; x_wconf 83' lang='lat' dir='ltr'><strong>in</strong></span> <span class='ocrx_word' id='word_1_117' title='bbox 294 1455 558 1525; x_wconf 79' lang='lat' dir='ltr'><strong>lacrymas</strong></span> <span class='ocrx_word' id='word_1_118' title='bbox 584 1458 796 1512; x_wconf 77' lang='lat' dir='ltr'><strong>veniam</strong></span> <span class='ocrx_word' id='word_1_119' title='bbox 822 1458 1011 1512; x_wconf 74' lang='lat' dir='ltr'><strong>oravit.</strong></span> <span class='ocrx_word' id='word_1_120' title='bbox 1079 1455 1207 1511; x_wconf 74' lang='lat' dir='ltr'><strong>Mox</strong></span> <span class='ocrx_word' id='word_1_121' title='bbox 1235 1459 1290 1511; x_wconf 89' lang='lat' dir='ltr'><strong>et</strong></span> <span class='ocrx_word' id='word_1_122' title='bbox 1315 1456 1576 1512; x_wconf 75' lang='lat' dir='ltr'><strong>ilenricus</strong></span> <span class='ocrx_word' id='word_1_123' title='bbox 1604 1453 1789 1511; x_wconf 86' lang='lat' dir='ltr'><strong>morbo</strong></span> <span class='ocrx_word' id='word_1_124' title='bbox 1817 1457 1965 1526; x_wconf 79' lang='lat' dir='ltr'><strong>gravi</strong></span> <span class='ocrx_word' id='word_1_125' title='bbox 1991 1456 2293 1512; x_wconf 84' lang='lat' dir='ltr'><strong>admonitus</strong></span> 
     </span>
     <span class='ocr_line' id='line_1_14' title="bbox 36 1541 2295 1616; baseline 0 -17"><span class='ocrx_word' id='word_1_126' title='bbox 36 1543 226 1616; x_wconf 75' lang='lat' dir='ltr'><strong>affuit,</strong></span> <span class='ocrx_word' id='word_1_127' title='bbox 269 1547 331 1600; x_wconf 88' lang='lat' dir='ltr'><strong>et</strong></span> <span class='ocrx_word' id='word_1_128' title='bbox 372 1548 593 1600; x_wconf 85' lang='lat' dir='ltr'><strong>matrem</strong></span> <span class='ocrx_word' id='word_1_129' title='bbox 631 1544 1151 1615; x_wconf 80' lang='lat' dir='ltr'><strong>indulgentissimam</strong></span> <span class='ocrx_word' id='word_1_130' title='bbox 1192 1541 1356 1600; x_wconf 79' lang='lat' dir='ltr'><strong>facile</strong></span> <span class='ocrx_word' id='word_1_131' title='bbox 1396 1544 1648 1616; x_wconf 79' lang='lat' dir='ltr'><strong>placavit.</strong></span> <span class='ocrx_word' id='word_1_132' title='bbox 1736 1543 1925 1600; x_wconf 72' lang='lat' dir='ltr'><strong>Morbo</strong></span> <span class='ocrx_word' id='word_1_133' title='bbox 1969 1542 2295 1600; x_wconf 87' lang='lat' dir='ltr'><strong>decubuisse</strong></span> 
     </span>
     <span class='ocr_line' id='line_1_15' title="bbox 41 1632 2293 1704; baseline 0 -16"><span class='ocrx_word' id='word_1_134' title='bbox 41 1636 299 1703; x_wconf 86' lang='lat' dir='ltr'><strong>constat,</strong></span> <span class='ocrx_word' id='word_1_135' title='bbox 347 1647 417 1689; x_wconf 86' lang='lat' dir='ltr'><strong>ex</strong></span> <span class='ocrx_word' id='word_1_136' title='bbox 454 1632 676 1690; x_wconf 75' lang='lat' dir='ltr'><strong>vulnere</strong></span> <span class='ocrx_word' id='word_1_137' title='bbox 723 1645 893 1704; x_wconf 90' lang='lat' dir='ltr'><strong>prope</strong></span> <span class='ocrx_word' id='word_1_138' title='bbox 932 1633 1223 1688; x_wconf 80' lang='lat' dir='ltr'><strong>wesaliam</strong></span> <span class='ocrx_word' id='word_1_139' title='bbox 1264 1637 1508 1704; x_wconf 77' lang='lat' dir='ltr'><strong>accepto.</strong></span> <span class='ocrx_word' id='word_1_140' title='bbox 1606 1632 2115 1689; x_wconf 82' lang='lat' dir='ltr'><strong>Reconciliationem</strong></span> <span class='ocrx_word' id='word_1_141' title='bbox 2161 1646 2293 1701; x_wconf 85' lang='lat' dir='ltr'><strong>ergo</strong></span> 
     </span>
     <span class='ocr_line' id='line_1_16' title="bbox 44 1714 2422 1791; baseline 0 -17"><span class='ocrx_word' id='word_1_142' title='bbox 44 1719 299 1777; x_wconf 80' lang='lat' dir='ltr'><strong>filiorum</strong></span> <span class='ocrx_word' id='word_1_143' title='bbox 328 1722 384 1777; x_wconf 91' lang='lat' dir='ltr'><strong>in</strong></span> <span class='ocrx_word' id='word_1_144' title='bbox 412 1735 459 1776; x_wconf 90' lang='lat' dir='ltr'><strong>a.</strong></span> <span class='ocrx_word' id='word_1_145' title='bbox 478 1720 540 1777; x_wconf 98' lang='lat' dir='ltr'><strong>D.</strong></span> <span class='ocrx_word' id='word_1_146' title='bbox 560 1720 684 1776; x_wconf 71' lang='lat' dir='ltr'><strong>stt.</strong></span> <span class='ocrx_word' id='word_1_147' title='bbox 711 1719 919 1791; x_wconf 73' lang='lat' dir='ltr'><strong>reier03</strong></span> <span class='ocrx_word' id='word_1_148' title='bbox 949 1724 1005 1777; x_wconf 87' lang='lat' dir='ltr'><strong>et</strong></span> <span class='ocrx_word' id='word_1_149' title='bbox 1031 1724 1187 1789; x_wconf 87' lang='lat' dir='ltr'><strong>gesta</strong></span> <span class='ocrx_word' id='word_1_150' title='bbox 1213 1720 1290 1776; x_wconf 87' lang='lat' dir='ltr'><strong>ita</strong></span> <span class='ocrx_word' id='word_1_151' title='bbox 1315 1724 1598 1777; x_wconf 85' lang='lat' dir='ltr'><strong>connecto.</strong></span> <span class='ocrx_word' id='word_1_152' title='bbox 1670 1719 1798 1776; x_wconf 85' lang='lat' dir='ltr'><strong>Otto</strong></span> <span class='ocrx_word' id='word_1_153' title='bbox 1822 1735 1870 1777; x_wconf 92' lang='lat' dir='ltr'><strong>a.</strong></span> <span class='ocrx_word' id='word_1_154' title='bbox 1890 1720 1953 1778; x_wconf 87' lang='lat' dir='ltr'><strong>D.</strong></span> <span class='ocrx_word' id='word_1_155' title='bbox 1973 1721 2094 1777; x_wconf 82' lang='grc'><strong>937.</strong></span> <span class='ocrx_word' id='word_1_156' title='bbox 2121 1719 2294 1777; x_wconf 86' lang='lat' dir='ltr'><strong>adhuc</strong></span> <span class='ocrx_word' id='word_1_157' title='bbox 2417 1714 2422 1719; x_wconf 55' lang='lat'><strong>⁴</strong></span> 
     </span>
     <span class='ocr_line' id='line_1_17' title="bbox 46 1807 2294 1880; baseline -0 -15"><span class='ocrx_word' id='word_1_158' title='bbox 46 1808 260 1865; x_wconf 85' lang='lat' dir='ltr'><strong>studiis</strong></span> <span class='ocrx_word' id='word_1_159' title='bbox 304 1810 488 1866; x_wconf 85' lang='lat' dir='ltr'><strong>matris</strong></span> <span class='ocrx_word' id='word_1_160' title='bbox 515 1810 572 1865; x_wconf 85' lang='lat' dir='ltr'><strong>in</strong></span> <span class='ocrx_word' id='word_1_161' title='bbox 598 1807 1122 1877; x_wconf 85' lang='lat' dir='ltr'><strong>Qnedlinb‘urgenses</strong></span> <span class='ocrx_word' id='word_1_162' title='bbox 1165 1807 1312 1880; x_wconf 81' lang='lat' dir='ltr'><strong>favit,</strong></span> <span class='ocrx_word' id='word_1_163' title='bbox 1353 1823 1401 1864; x_wconf 78' lang='lat' dir='ltr'><strong>a.</strong></span> <span class='ocrx_word' id='word_1_164' title='bbox 1429 1807 1496 1865; x_wconf 87' lang='lat' dir='ltr'><strong>D.</strong></span> <span class='ocrx_word' id='word_1_165' title='bbox 1519 1807 1642 1864; x_wconf 83' lang='grc'><strong>938.</strong></span> <span class='ocrx_word' id='word_1_166' title='bbox 1682 1807 1752 1864; x_wconf 89' lang='lat' dir='ltr'><strong>ab</strong></span> <span class='ocrx_word' id='word_1_167' title='bbox 1792 1822 1859 1865; x_wconf 86' lang='lat' dir='ltr'><strong>ea</strong></span> <span class='ocrx_word' id='word_1_168' title='bbox 1898 1809 2164 1865; x_wconf 88' lang='lat' dir='ltr'><strong>alienatus</strong></span> <span class='ocrx_word' id='word_1_169' title='bbox 2192 1812 2294 1879; x_wconf 89' lang='lat' dir='ltr'><strong>est,</strong></span> 
     </span>
     <span class='ocr_line' id='line_1_18' title="bbox 45 1895 2295 1967; baseline -0.001 -14"><span class='ocrx_word' id='word_1_170' title='bbox 45 1897 233 1954; x_wconf 65' lang='lat' dir='ltr'><strong>tratre</strong></span> <span class='ocrx_word' id='word_1_171' title='bbox 272 1898 434 1953; x_wconf 83' lang='lat' dir='ltr'><strong>etiam</strong></span> <span class='ocrx_word' id='word_1_172' title='bbox 475 1899 779 1954; x_wconf 77' lang='lat' dir='ltr'><strong>vexationis</strong></span> <span class='ocrx_word' id='word_1_173' title='bbox 808 1898 1077 1967; x_wconf 84' lang='lat' dir='ltr'><strong>adjutore:</strong></span> <span class='ocrx_word' id='word_1_174' title='bbox 1114 1899 1298 1966; x_wconf 86' lang='lat' dir='ltr'><strong>regina</strong></span> <span class='ocrx_word' id='word_1_175' title='bbox 1327 1910 1455 1967; x_wconf 83' lang='lat' dir='ltr'><strong>ergo</strong></span> <span class='ocrx_word' id='word_1_176' title='bbox 1481 1897 1642 1953; x_wconf 79' lang='lat' dir='ltr'><strong>vidua</strong></span> <span class='ocrx_word' id='word_1_177' title='bbox 1665 1897 1860 1953; x_wconf 86' lang='lat' dir='ltr'><strong>relicto</strong></span> <span class='ocrx_word' id='word_1_178' title='bbox 1896 1895 2295 1965; x_wconf 84' lang='lat' dir='ltr'><strong>Quedlinburgo</strong></span> 
     </span>
     <span class='ocr_line' id='line_1_19' title="bbox 40 1984 2294 2057; baseline -0.002 -13"><span class='ocrx_word' id='word_1_179' title='bbox 40 1990 111 2044; x_wconf 80' lang='lat' dir='ltr'><strong>in</strong></span> <span class='ocrx_word' id='word_1_180' title='bbox 141 1986 436 2056; x_wconf 79' lang='lat' dir='ltr'><strong>Angariam</strong></span> <span class='ocrx_word' id='word_1_181' title='bbox 465 2001 527 2043; x_wconf 91' lang='lat' dir='ltr'><strong>se</strong></span> <span class='ocrx_word' id='word_1_182' title='bbox 556 1988 779 2057; x_wconf 90' lang='lat' dir='ltr'><strong>recepit.</strong></span> <span class='ocrx_word' id='word_1_183' title='bbox 850 1986 981 2042; x_wconf 84' lang='lat' dir='ltr'><strong>Inde</strong></span> <span class='ocrx_word' id='word_1_184' title='bbox 1018 1984 1229 2041; x_wconf 87' lang='lat' dir='ltr'><strong>Ottonis</strong></span> <span class='ocrx_word' id='word_1_185' title='bbox 1257 1999 1347 2041; x_wconf 91' lang='lat' dir='ltr'><strong>res</strong></span> <span class='ocrx_word' id='word_1_186' title='bbox 1373 1987 1431 2040; x_wconf 89' lang='lat' dir='ltr'><strong>in</strong></span> <span class='ocrx_word' id='word_1_187' title='bbox 1458 1985 1692 2042; x_wconf 86' lang='lat' dir='ltr'><strong>deterius</strong></span> <span class='ocrx_word' id='word_1_188' title='bbox 1719 1998 1929 2057; x_wconf 79' lang='lat' dir='ltr'><strong>versae,</strong></span> <span class='ocrx_word' id='word_1_189' title='bbox 1957 1986 2294 2056; x_wconf 84' lang='lat' dir='ltr'><strong>Tancmarus,</strong></span> 
     </span>
     <span class='ocr_line' id='line_1_20' title="bbox 41 2072 2293 2146; baseline -0.001 -15"><span class='ocrx_word' id='word_1_190' title='bbox 41 2073 432 2146; x_wconf 82' lang='lat' dir='ltr'><strong>Eberhardus‚</strong></span> <span class='ocrx_word' id='word_1_191' title='bbox 460 2074 722 2131; x_wconf 82' lang='lat' dir='ltr'><strong>Henricus</strong></span> <span class='ocrx_word' id='word_1_192' title='bbox 741 2076 860 2144; x_wconf 86' lang='lat' dir='ltr'><strong>ipse</strong></span> <span class='ocrx_word' id='word_1_193' title='bbox 877 2072 1162 2131; x_wconf 86' lang='lat' dir='ltr'><strong>rebellant.</strong></span> <span class='ocrx_word' id='word_1_194' title='bbox 1230 2075 1525 2133; x_wconf 80' lang='lat' dir='ltr'><strong>Vincuntur</strong></span> <span class='ocrx_word' id='word_1_195' title='bbox 1542 2073 1640 2146; x_wconf 88' lang='lat' dir='ltr'><strong>illi,</strong></span> <span class='ocrx_word' id='word_1_196' title='bbox 1669 2077 1723 2129; x_wconf 92' lang='lat' dir='ltr'><strong>et</strong></span> <span class='ocrx_word' id='word_1_197' title='bbox 1741 2075 1947 2144; x_wconf 86' lang='lat' dir='ltr'><strong>priores</strong></span> <span class='ocrx_word' id='word_1_198' title='bbox 1967 2072 2293 2143; x_wconf 88' lang='lat' dir='ltr'><strong>occiduntur,</strong></span> 
     </span>
     <span class='ocr_line' id='line_1_21' title="bbox 48 2160 2293 2235; baseline -0.002 -16"><span class='ocrx_word' id='word_1_199' title='bbox 48 2162 338 2221; x_wconf 79' lang='lat' dir='ltr'><strong>Beni-icus</strong></span> <span class='ocrx_word' id='word_1_200' title='bbox 379 2164 434 2218; x_wconf 90' lang='lat' dir='ltr'><strong>in</strong></span> <span class='ocrx_word' id='word_1_201' title='bbox 473 2164 694 2234; x_wconf 86' lang='lat' dir='ltr'><strong>gratiam</strong></span> <span class='ocrx_word' id='word_1_202' title='bbox 735 2163 1006 2235; x_wconf 82' lang='lat' dir='ltr'><strong>recipitur,</strong></span> <span class='ocrx_word' id='word_1_203' title='bbox 1047 2162 1141 2219; x_wconf 84' lang='lat' dir='ltr'><strong>sed</strong></span> <span class='ocrx_word' id='word_1_204' title='bbox 1169 2174 1264 2219; x_wconf 83' lang='lat' dir='ltr'><strong>rex</strong></span> <span class='ocrx_word' id='word_1_205' title='bbox 1293 2164 1399 2220; x_wconf 83' lang='lat' dir='ltr'><strong>etsi</strong></span> <span class='ocrx_word' id='word_1_206' title='bbox 1424 2164 1613 2232; x_wconf 79' lang='lat' dir='ltr'><strong>victor,</strong></span> <span class='ocrx_word' id='word_1_207' title='bbox 1653 2165 1827 2218; x_wconf 84' lang='lat' dir='ltr'><strong>tactus</strong></span> <span class='ocrx_word' id='word_1_208' title='bbox 1854 2167 2035 2218; x_wconf 88' lang='lat' dir='ltr'><strong>tamen</strong></span> <span class='ocrx_word' id='word_1_209' title='bbox 2059 2160 2293 2232; x_wconf 86' lang='lat' dir='ltr'><strong>publicis</strong></span> 
     </span>
     <span class='ocr_line' id='line_1_22' title="bbox 48 2249 2293 2323; baseline -0.001 -16"><span class='ocrx_word' id='word_1_210' title='bbox 48 2250 477 2321; x_wconf 82' lang='lat' dir='ltr'><strong>calamitatibus,</strong></span> <span class='ocrx_word' id='word_1_211' title='bbox 498 2252 742 2321; x_wconf 82' lang='lat' dir='ltr'><strong>conjugis</strong></span> <span class='ocrx_word' id='word_1_212' title='bbox 757 2253 1071 2322; x_wconf 90' lang='lat' dir='ltr'><strong>piorumque</strong></span> <span class='ocrx_word' id='word_1_213' title='bbox 1088 2251 1375 2323; x_wconf 82' lang='lat' dir='ltr'><strong>admonitu,</strong></span> <span class='ocrx_word' id='word_1_214' title='bbox 1393 2265 1655 2322; x_wconf 84' lang='lat' dir='ltr'><strong>peccasse</strong></span> <span class='ocrx_word' id='word_1_215' title='bbox 1676 2265 1737 2307; x_wconf 91' lang='lat' dir='ltr'><strong>se</strong></span> <span class='ocrx_word' id='word_1_216' title='bbox 1756 2253 1813 2307; x_wconf 92' lang='lat' dir='ltr'><strong>in</strong></span> <span class='ocrx_word' id='word_1_217' title='bbox 1826 2254 2043 2307; x_wconf 85' lang='lat' dir='ltr'><strong>matrem</strong></span> <span class='ocrx_word' id='word_1_218' title='bbox 2059 2249 2293 2321; x_wconf 81' lang='lat' dir='ltr'><strong>agnovit,</strong></span> 
     </span>
     <span class='ocr_line' id='line_1_23' title="bbox 50 2338 2292 2412; baseline -0.002 -14"><span class='ocrx_word' id='word_1_219' title='bbox 50 2355 295 2412; x_wconf 82' lang='lat' dir='ltr'><strong>eamque</strong></span> <span class='ocrx_word' id='word_1_220' title='bbox 314 2342 588 2397; x_wconf 82' lang='lat' dir='ltr'><strong>revocavit</strong></span> <span class='ocrx_word' id='word_1_221' title='bbox 611 2339 806 2411; x_wconf 77' lang='lat' dir='ltr'><strong>hyeme</strong></span> <span class='ocrx_word' id='word_1_222' title='bbox 832 2355 879 2396; x_wconf 88' lang='lat' dir='ltr'><strong>a.</strong></span> <span class='ocrx_word' id='word_1_223' title='bbox 900 2340 964 2395; x_wconf 93' lang='lat' dir='ltr'><strong>D.</strong></span> <span class='ocrx_word' id='word_1_224' title='bbox 984 2338 1106 2411; x_wconf 73' lang='grc'><strong>941,</strong></span> <span class='ocrx_word' id='word_1_225' title='bbox 1133 2340 1347 2409; x_wconf 83' lang='lat' dir='ltr'><strong>quando</strong></span> <span class='ocrx_word' id='word_1_226' title='bbox 1366 2341 1422 2395; x_wconf 87' lang='lat' dir='ltr'><strong>in</strong></span> <span class='ocrx_word' id='word_1_227' title='bbox 1440 2340 1674 2396; x_wconf 81' lang='lat' dir='ltr'><strong>saxonia</strong></span> <span class='ocrx_word' id='word_1_228' title='bbox 1701 2341 1830 2410; x_wconf 89' lang='lat' dir='ltr'><strong>egit.</strong></span> <span class='ocrx_word' id='word_1_229' title='bbox 1902 2338 2049 2395; x_wconf 85' lang='lat' dir='ltr'><strong>Tunc</strong></span> <span class='ocrx_word' id='word_1_230' title='bbox 2066 2342 2123 2394; x_wconf 90' lang='lat' dir='ltr'><strong>et</strong></span> <span class='ocrx_word' id='word_1_231' title='bbox 2140 2338 2292 2394; x_wconf 81' lang='lat' dir='ltr'><strong>Hen-</strong></span> 
     </span>
     <span class='ocr_line' id='line_1_24' title="bbox 48 2426 2293 2499; baseline -0.002 -13"><span class='ocrx_word' id='word_1_232' title='bbox 48 2431 211 2486; x_wconf 88' lang='lat' dir='ltr'><strong>ricus</strong></span> <span class='ocrx_word' id='word_1_233' title='bbox 241 2443 272 2484; x_wconf 89' lang='lat' dir='ltr'><strong>a</strong></span> <span class='ocrx_word' id='word_1_234' title='bbox 299 2427 485 2485; x_wconf 83' lang='lat' dir='ltr'><strong>morbo</strong></span> <span class='ocrx_word' id='word_1_235' title='bbox 510 2434 802 2499; x_wconf 87' lang='lat' dir='ltr'><strong>recreatus,</strong></span> <span class='ocrx_word' id='word_1_236' title='bbox 844 2433 901 2484; x_wconf 92' lang='lat' dir='ltr'><strong>et</strong></span> <span class='ocrx_word' id='word_1_237' title='bbox 941 2440 1006 2484; x_wconf 83' lang='lat' dir='ltr'><strong>ex</strong></span> <span class='ocrx_word' id='word_1_238' title='bbox 1042 2428 1378 2486; x_wconf 83' lang='lat' dir='ltr'><strong>Lethariensi</strong></span> <span class='ocrx_word' id='word_1_239' title='bbox 1403 2430 1624 2499; x_wconf 79' lang='lat' dir='ltr'><strong>regione</strong></span> <span class='ocrx_word' id='word_1_240' title='bbox 1650 2429 1820 2485; x_wconf 86' lang='lat' dir='ltr'><strong>redux</strong></span> <span class='ocrx_word' id='word_1_241' title='bbox 1845 2428 1914 2483; x_wconf 85' lang='lat' dir='ltr'><strong>ad</strong></span> <span class='ocrx_word' id='word_1_242' title='bbox 1943 2442 2062 2484; x_wconf 90' lang='lat' dir='ltr'><strong>eam</strong></span> <span class='ocrx_word' id='word_1_243' title='bbox 2090 2426 2293 2497; x_wconf 86' lang='lat' dir='ltr'><strong>depre-</strong></span> 
     </span>
     <span class='ocr_line' id='line_1_25' title="bbox 54 2513 2295 2588; baseline -0.001 -15"><span class='ocrx_word' id='word_1_244' title='bbox 54 2521 249 2573; x_wconf 87' lang='lat' dir='ltr'><strong>catum</strong></span> <span class='ocrx_word' id='word_1_245' title='bbox 274 2517 436 2572; x_wconf 77' lang='lat' dir='ltr'><strong>venit.</strong></span> <span class='ocrx_word' id='word_1_246' title='bbox 508 2516 706 2573; x_wconf 89' lang='lat' dir='ltr'><strong>Secuta</strong></span> <span class='ocrx_word' id='word_1_247' title='bbox 733 2517 929 2573; x_wconf 90' lang='lat' dir='ltr'><strong>deinde</strong></span> <span class='ocrx_word' id='word_1_248' title='bbox 957 2523 1041 2575; x_wconf 86' lang='lat' dir='ltr'><strong>est</strong></span> <span class='ocrx_word' id='word_1_249' title='bbox 1068 2520 1394 2588; x_wconf 86' lang='lat' dir='ltr'><strong>conspiratio</strong></span> <span class='ocrx_word' id='word_1_250' title='bbox 1423 2516 1935 2587; x_wconf 81' lang='lat' dir='ltr'><strong>Quedlinbnrgensis</strong></span> <span class='ocrx_word' id='word_1_251' title='bbox 1965 2519 2019 2572; x_wconf 90' lang='lat' dir='ltr'><strong>in</strong></span> <span class='ocrx_word' id='word_1_252' title='bbox 2049 2513 2295 2588; x_wconf 85' lang='lat' dir='ltr'><strong>paschali</strong></span> 
     </span>
     <span class='ocr_line' id='line_1_26' title="bbox 59 2603 2294 2677; baseline -0.001 -16"><span class='ocrx_word' id='word_1_253' title='bbox 59 2605 235 2676; x_wconf 81' lang='lat' dir='ltr'><strong>resto,</strong></span> <span class='ocrx_word' id='word_1_254' title='bbox 291 2603 360 2660; x_wconf 91' lang='lat' dir='ltr'><strong>ob</strong></span> <span class='ocrx_word' id='word_1_255' title='bbox 401 2619 560 2675; x_wconf 86' lang='lat' dir='ltr'><strong>quam</strong></span> <span class='ocrx_word' id='word_1_256' title='bbox 598 2605 862 2662; x_wconf 78' lang='lat' dir='ltr'><strong>Henricus</strong></span> <span class='ocrx_word' id='word_1_257' title='bbox 903 2607 960 2661; x_wconf 86' lang='lat' dir='ltr'><strong>in</strong></span> <span class='ocrx_word' id='word_1_258' title='bbox 1001 2607 1297 2662; x_wconf 81' lang='lat' dir='ltr'><strong>custodiam</strong></span> <span class='ocrx_word' id='word_1_259' title='bbox 1338 2606 1509 2677; x_wconf 87' lang='lat' dir='ltr'><strong>datus,</strong></span> <span class='ocrx_word' id='word_1_260' title='bbox 1549 2606 1759 2661; x_wconf 88' lang='lat' dir='ltr'><strong>demum</strong></span> <span class='ocrx_word' id='word_1_261' title='bbox 1801 2603 1995 2661; x_wconf 82' lang='lat' dir='ltr'><strong>Christi</strong></span> <span class='ocrx_word' id='word_1_262' title='bbox 2033 2603 2294 2659; x_wconf 80' lang='lat' dir='ltr'><strong>natalitiis</strong></span> 
     </span>
     <span class='ocr_line' id='line_1_27' title="bbox 60 2693 2295 2767; baseline -0.003 -15"><span class='ocrx_word' id='word_1_263' title='bbox 60 2698 363 2767; x_wconf 87' lang='lat' dir='ltr'><strong>appetente</strong></span> <span class='ocrx_word' id='word_1_264' title='bbox 406 2708 546 2750; x_wconf 89' lang='lat' dir='ltr'><strong>anno</strong></span> <span class='ocrx_word' id='word_1_265' title='bbox 591 2693 802 2750; x_wconf 86' lang='lat' dir='ltr'><strong>Domini</strong></span> <span class='ocrx_word' id='word_1_266' title='bbox 845 2693 968 2749; x_wconf 74' lang='grc'><strong>942.</strong></span> <span class='ocrx_word' id='word_1_267' title='bbox 1013 2696 1228 2751; x_wconf 78' lang='lat' dir='ltr'><strong>veniam</strong></span> <span class='ocrx_word' id='word_1_268' title='bbox 1270 2694 1590 2766; x_wconf 83' lang='lat' dir='ltr'><strong>impetravit,</strong></span> <span class='ocrx_word' id='word_1_269' title='bbox 1641 2698 1973 2762; x_wconf 83' lang='lat' dir='ltr'><strong>matremque</strong></span> <span class='ocrx_word' id='word_1_270' title='bbox 2017 2693 2295 2761; x_wconf 88' lang='lat' dir='ltr'><strong>patronam</strong></span> 
     </span>
     <span class='ocr_line' id='line_1_28' title="bbox 66 2778 2292 2853; baseline -0.004 -12"><span class='ocrx_word' id='word_1_271' title='bbox 66 2785 263 2853; x_wconf 84' lang='lat' dir='ltr'><strong>sensit,</strong></span> <span class='ocrx_word' id='word_1_272' title='bbox 307 2785 456 2850; x_wconf 74' lang='lat' dir='ltr'><strong>cujus</strong></span> <span class='ocrx_word' id='word_1_273' title='bbox 500 2783 660 2838; x_wconf 89' lang='lat' dir='ltr'><strong>etiam</strong></span> <span class='ocrx_word' id='word_1_274' title='bbox 700 2796 808 2853; x_wconf 91' lang='lat' dir='ltr'><strong>ope</strong></span> <span class='ocrx_word' id='word_1_275' title='bbox 847 2781 1058 2839; x_wconf 83' lang='lat' dir='ltr'><strong>tandem</strong></span> <span class='ocrx_word' id='word_1_276' title='bbox 1094 2796 1142 2838; x_wconf 91' lang='lat' dir='ltr'><strong>a.</strong></span> <span class='ocrx_word' id='word_1_277' title='bbox 1170 2781 1232 2838; x_wconf 92' lang='lat' dir='ltr'><strong>D.</strong></span> <span class='ocrx_word' id='word_1_278' title='bbox 1261 2781 1381 2836; x_wconf 70' lang='grc'><strong>945.</strong></span> <span class='ocrx_word' id='word_1_279' title='bbox 1410 2781 1670 2836; x_wconf 78' lang='lat' dir='ltr'><strong>Bavariae</strong></span> <span class='ocrx_word' id='word_1_280' title='bbox 1696 2779 1944 2836; x_wconf 82' lang='lat' dir='ltr'><strong>ducatum</strong></span> <span class='ocrx_word' id='word_1_281' title='bbox 1969 2778 2292 2849; x_wconf 77' lang='lat' dir='ltr'><strong>impetravit.</strong></span> 
     </span>
     <span class='ocr_line' id='line_1_29' title="bbox 66 2868 2294 2941; baseline -0.004 -12"><span class='ocrx_word' id='word_1_282' title='bbox 66 2871 223 2929; x_wconf 80' lang='lat' dir='ltr'><strong>Bodo</strong></span> <span class='ocrx_word' id='word_1_283' title='bbox 252 2869 736 2927; x_wconf 83' lang='lat' dir='ltr'><strong>Gaudeshemensis</strong></span> <span class='ocrx_word' id='word_1_284' title='bbox 775 2872 1004 2941; x_wconf 85' lang='lat' dir='ltr'><strong>scriptor</strong></span> <span class='ocrx_word' id='word_1_285' title='bbox 1044 2871 1205 2926; x_wconf 85' lang='lat' dir='ltr'><strong>etiarn</strong></span> <span class='ocrx_word' id='word_1_286' title='bbox 1245 2868 1462 2925; x_wconf 82' lang='lat' dir='ltr'><strong>ottonis</strong></span> <span class='ocrx_word' id='word_1_287' title='bbox 1501 2868 1850 2927; x_wconf 85' lang='lat' dir='ltr'><strong>acerbitatem</strong></span> <span class='ocrx_word' id='word_1_288' title='bbox 1890 2868 2294 2937; x_wconf 78' lang='lat' dir='ltr'><strong>memoraverat,</strong></span> 
     </span>
     <span class='ocr_line' id='line_1_30' title="bbox 72 2953 2295 3032; baseline -0.003 -16"><span class='ocrx_word' id='word_1_289' title='bbox 72 2962 169 3032; x_wconf 86' lang='lat' dir='ltr'><strong>qui</strong></span> <span class='ocrx_word' id='word_1_290' title='bbox 196 2961 344 3016; x_wconf 86' lang='lat' dir='ltr'><strong>matri</strong></span> <span class='ocrx_word' id='word_1_291' title='bbox 370 2959 590 3030; x_wconf 88' lang='lat' dir='ltr'><strong>praedia</strong></span> <span class='ocrx_word' id='word_1_292' title='bbox 617 2958 816 3017; x_wconf 86' lang='lat' dir='ltr'><strong>dotalia</strong></span> <span class='ocrx_word' id='word_1_293' title='bbox 843 2958 1188 3024; x_wconf 77' lang='lat' dir='ltr'><strong>abstulisset3</strong></span> <span class='ocrx_word' id='word_1_294' title='bbox 1218 2955 1507 3013; x_wconf 71' lang='lat' dir='ltr'><strong>meibomio</strong></span> <span class='ocrx_word' id='word_1_295' title='bbox 1535 2954 1779 3015; x_wconf 85' lang='lat' dir='ltr'><strong>dubitare</strong></span> <span class='ocrx_word' id='word_1_296' title='bbox 1805 2958 1942 3030; x_wconf 78' lang='lat' dir='ltr'><strong>riso,</strong></span> <span class='ocrx_word' id='word_1_297' title='bbox 1970 2954 2112 3028; x_wconf 86' lang='lat' dir='ltr'><strong>quod</strong></span> <span class='ocrx_word' id='word_1_298' title='bbox 2138 2953 2295 3025; x_wconf 85' lang='lat' dir='ltr'><strong>alius,</strong></span> 
     </span>
     <span class='ocr_line' id='line_1_31' title="bbox 74 3048 1386 3122; baseline -0.003 -15"><span class='ocrx_word' id='word_1_299' title='bbox 74 3048 316 3122; x_wconf 72' lang='lat' dir='ltr'><strong>ejusdem</strong></span> <span class='ocrx_word' id='word_1_300' title='bbox 342 3049 425 3105; x_wconf 89' lang='lat' dir='ltr'><strong>rei</strong></span> <span class='ocrx_word' id='word_1_301' title='bbox 450 3052 617 3120; x_wconf 87' lang='lat' dir='ltr'><strong>autor,</strong></span> <span class='ocrx_word' id='word_1_302' title='bbox 644 3054 774 3105; x_wconf 89' lang='lat' dir='ltr'><strong>tunc</strong></span> <span class='ocrx_word' id='word_1_303' title='bbox 799 3049 855 3106; x_wconf 86' lang='lat' dir='ltr'><strong>ei</strong></span> <span class='ocrx_word' id='word_1_304' title='bbox 881 3048 1061 3105; x_wconf 82' lang='lat' dir='ltr'><strong>lectus</strong></span> <span class='ocrx_word' id='word_1_305' title='bbox 1083 3060 1194 3104; x_wconf 85' lang='lat' dir='ltr'><strong>non</strong></span> <span class='ocrx_word' id='word_1_306' title='bbox 1221 3048 1386 3104; x_wconf 85' lang='lat' dir='ltr'><strong>esset.</strong></span> 
     </span>
    </p>
   </div>
   <div class='ocr_carea' id='block_1_3' title="bbox 740 3250 1620 3337">
    <p class='ocr_par' dir='ltr' id='par_1_3' title="bbox 740 3250 1620 3337">
     <span class='ocr_line' id='line_1_32' title="bbox 740 3250 1620 3337; baseline 0.005 -4"><span class='ocrx_word' id='word_1_307' title='bbox 740 3262 966 3334; x_wconf 75' lang='grc' dir='ltr'><strong>ΑΝΝο</strong></span> <span class='ocrx_word' id='word_1_308' title='bbox 1018 3250 1334 3334; x_wconf 76' lang='lat' dir='ltr'><strong>cumsrl</strong></span> <span class='ocrx_word' id='word_1_309' title='bbox 1391 3264 1620 3337; x_wconf 68' lang='lat'><strong>942-</strong></span> 
     </span>
    </p>
   </div>
   <div class='ocr_carea' id='block_1_4' title="bbox 76 3403 2310 4242">
    <p class='ocr_par' dir='ltr' id='par_1_4' title="bbox 76 3403 2310 4242">
     <span class='ocr_line' id='line_1_33' title="bbox 76 3403 2298 3462; baseline -0.003 -9"><span class='ocrx_word' id='word_1_310' title='bbox 76 3404 303 3453; x_wconf 66' lang='lat' dir='ltr'><strong>acaricus</strong></span> <span class='ocrx_word' id='word_1_311' title='bbox 325 3403 447 3450; x_wconf 75' lang='lat' dir='ltr'><strong>hona</strong></span> <span class='ocrx_word' id='word_1_312' title='bbox 472 3405 565 3450; x_wconf 80' lang='lat' dir='ltr'><strong>ade</strong></span> <span class='ocrx_word' id='word_1_313' title='bbox 589 3405 928 3451; x_wconf 82' lang='lat' dir='ltr'><strong>reconciliatur.</strong></span> <span class='ocrx_word' id='word_1_314' title='bbox 953 3426 1008 3439; x_wconf 91' lang='lat'>—</span> <span class='ocrx_word' id='word_1_315' title='bbox 1035 3405 1144 3451; x_wconf 82' lang='lat' dir='ltr'><strong>otto</strong></span> <span class='ocrx_word' id='word_1_316' title='bbox 1172 3404 1381 3450; x_wconf 81' lang='lat' dir='ltr'><strong>liberalis</strong></span> <span class='ocrx_word' id='word_1_317' title='bbox 1407 3404 1458 3450; x_wconf 87' lang='lat' dir='ltr'><strong>in</strong></span> <span class='ocrx_word' id='word_1_318' title='bbox 1483 3403 1743 3462; x_wconf 74' lang='lat' dir='ltr'><strong>Gorbejam.</strong></span> <span class='ocrx_word' id='word_1_319' title='bbox 1769 3424 1812 3438; x_wconf 88' lang='lat'>-</span> <span class='ocrx_word' id='word_1_320' title='bbox 1861 3403 2074 3461; x_wconf 71' lang='lat' dir='ltr'><strong>synodus</strong></span> <span class='ocrx_word' id='word_1_321' title='bbox 2094 3403 2298 3451; x_wconf 69' lang='lat' dir='ltr'><strong>nonnae.</strong></span> 
     </span>
     <span class='ocr_line' id='line_1_34' title="bbox 164 3474 2301 3532; baseline -0.001 -12"><span class='ocrx_word' id='word_1_322' title='bbox 164 3497 213 3510; x_wconf 92' lang='lat'>-</span> <span class='ocrx_word' id='word_1_323' title='bbox 239 3476 357 3532; x_wconf 77' lang='lat' dir='ltr'><strong>Papa</strong></span> <span class='ocrx_word' id='word_1_324' title='bbox 384 3478 894 3522; x_wconf 75' lang='lat' dir='ltr'><strong>excommunicationem</strong></span> <span class='ocrx_word' id='word_1_325' title='bbox 920 3478 1123 3522; x_wconf 86' lang='lat' dir='ltr'><strong>minatur</strong></span> <span class='ocrx_word' id='word_1_326' title='bbox 1147 3476 1378 3521; x_wconf 63' lang='lat' dir='ltr'><strong>haderico</strong></span> <span class='ocrx_word' id='word_1_327' title='bbox 1406 3476 1792 3522; x_wconf 79' lang='lat' dir='ltr'><strong>inobedientibus.</strong></span> <span class='ocrx_word' id='word_1_328' title='bbox 1825 3498 1878 3510; x_wconf 92' lang='lat'><em>-</em></span> <span class='ocrx_word' id='word_1_329' title='bbox 1918 3474 2154 3522; x_wconf 70' lang='lat' dir='ltr'><strong>wilhelmi</strong></span> <span class='ocrx_word' id='word_1_330' title='bbox 2179 3474 2301 3519; x_wconf 72' lang='lat' dir='ltr'><strong>Ror-</strong></span> 
     </span>
     <span class='ocr_line' id='line_1_35' title="bbox 165 3543 2301 3605; baseline -0.001 -13"><span class='ocrx_word' id='word_1_331' title='bbox 165 3558 344 3592; x_wconf 81' lang='lat' dir='ltr'><strong>mannus</strong></span> <span class='ocrx_word' id='word_1_332' title='bbox 372 3552 418 3590; x_wconf 88' lang='lat' dir='ltr'><strong>et</strong></span> <span class='ocrx_word' id='word_1_333' title='bbox 442 3546 746 3593; x_wconf 78' lang='lat' dir='ltr'><strong>Pictaviensis</strong></span> <span class='ocrx_word' id='word_1_334' title='bbox 782 3559 866 3605; x_wconf 91' lang='lat' dir='ltr'><strong>pro</strong></span> <span class='ocrx_word' id='word_1_335' title='bbox 893 3548 1142 3592; x_wconf 77' lang='lat' dir='ltr'><strong>Ludorico.</strong></span> <span class='ocrx_word' id='word_1_336' title='bbox 1195 3549 1439 3591; x_wconf 76' lang='lat' dir='ltr'><strong>Tractatur</strong></span> <span class='ocrx_word' id='word_1_337' title='bbox 1466 3546 1524 3591; x_wconf 82' lang='lat' dir='ltr'><strong>de</strong></span> <span class='ocrx_word' id='word_1_338' title='bbox 1550 3559 1681 3602; x_wconf 85' lang='lat' dir='ltr'><strong>pace.</strong></span> <span class='ocrx_word' id='word_1_339' title='bbox 1708 3568 1762 3579; x_wconf 94' lang='lat'>—</span> <span class='ocrx_word' id='word_1_340' title='bbox 1803 3545 2087 3602; x_wconf 82' lang='lat' dir='ltr'><strong>Colloquium</strong></span> <span class='ocrx_word' id='word_1_341' title='bbox 2118 3543 2301 3589; x_wconf 81' lang='lat' dir='ltr'><strong>ottonis</strong></span> 
     </span>
     <span class='ocr_line' id='line_1_36' title="bbox 164 3612 2300 3674; baseline -0.002 -11"><span class='ocrx_word' id='word_1_342' title='bbox 164 3622 213 3663; x_wconf 84' lang='lat' dir='ltr'><strong>et</strong></span> <span class='ocrx_word' id='word_1_343' title='bbox 236 3614 446 3664; x_wconf 61' lang='lat' dir='ltr'><strong>ludovici</strong></span> <span class='ocrx_word' id='word_1_344' title='bbox 487 3623 536 3664; x_wconf 87' lang='lat' dir='ltr'><strong>et</strong></span> <span class='ocrx_word' id='word_1_345' title='bbox 573 3624 683 3674; x_wconf 79' lang='lat' dir='ltr'><strong>pax.</strong></span> <span class='ocrx_word' id='word_1_346' title='bbox 721 3640 776 3652; x_wconf 92' lang='lat'>-</span> <span class='ocrx_word' id='word_1_347' title='bbox 817 3613 1036 3666; x_wconf 67' lang='lat' dir='ltr'><strong>Saraceni</strong></span> <span class='ocrx_word' id='word_1_348' title='bbox 1076 3620 1124 3663; x_wconf 93' lang='lat' dir='ltr'><strong>in</strong></span> <span class='ocrx_word' id='word_1_349' title='bbox 1163 3615 1411 3663; x_wconf 72' lang='lat' dir='ltr'><strong>Fraxineto</strong></span> <span class='ocrx_word' id='word_1_350' title='bbox 1453 3618 1721 3674; x_wconf 80' lang='lat' dir='ltr'><strong>oppugnati.</strong></span> <span class='ocrx_word' id='word_1_351' title='bbox 1745 3638 1799 3649; x_wconf 94' lang='lat'>—</span> <span class='ocrx_word' id='word_1_352' title='bbox 1845 3614 1949 3662; x_wconf 76' lang='lat' dir='ltr'><strong>odo</strong></span> <span class='ocrx_word' id='word_1_353' title='bbox 1982 3612 2300 3659; x_wconf 78' lang='lat' dir='ltr'><strong>cluniacensis</strong></span> 
     </span>
     <span class='ocr_line' id='line_1_37' title="bbox 165 3684 2304 3746; baseline -0.003 -11"><span class='ocrx_word' id='word_1_354' title='bbox 165 3690 392 3745; x_wconf 67' lang='lat' dir='ltr'><strong>nugonem</strong></span> <span class='ocrx_word' id='word_1_355' title='bbox 417 3696 575 3744; x_wconf 79' lang='lat' dir='ltr'><strong>regem</strong></span> <span class='ocrx_word' id='word_1_356' title='bbox 603 3694 653 3734; x_wconf 89' lang='lat' dir='ltr'><strong>et</strong></span> <span class='ocrx_word' id='word_1_357' title='bbox 675 3688 939 3735; x_wconf 70' lang='lat' dir='ltr'><strong>Alberieum</strong></span> <span class='ocrx_word' id='word_1_358' title='bbox 963 3689 1137 3735; x_wconf 77' lang='lat' dir='ltr'><strong>Romae</strong></span> <span class='ocrx_word' id='word_1_359' title='bbox 1162 3689 1417 3746; x_wconf 80' lang='lat' dir='ltr'><strong>principem</strong></span> <span class='ocrx_word' id='word_1_360' title='bbox 1444 3690 1692 3734; x_wconf 84' lang='lat' dir='ltr'><strong>conciliare</strong></span> <span class='ocrx_word' id='word_1_361' title='bbox 1734 3690 1896 3732; x_wconf 85' lang='lat' dir='ltr'><strong>tentat.</strong></span> <span class='ocrx_word' id='word_1_362' title='bbox 1936 3706 1989 3718; x_wconf 89' lang='lat'>—</span> <span class='ocrx_word' id='word_1_363' title='bbox 2033 3684 2145 3729; x_wconf 79' lang='lat' dir='ltr'><strong>obit</strong></span> <span class='ocrx_word' id='word_1_364' title='bbox 2179 3685 2304 3741; x_wconf 78' lang='lat' dir='ltr'><strong>apud</strong></span> 
     </span>
     <span class='ocr_line' id='line_1_38' title="bbox 166 3753 2302 3817; baseline -0.004 -11"><span class='ocrx_word' id='word_1_365' title='bbox 166 3762 375 3806; x_wconf 68' lang='lat' dir='ltr'><strong>Turones.</strong></span> <span class='ocrx_word' id='word_1_366' title='bbox 394 3783 447 3793; x_wconf 89' lang='lat'>—</span> <span class='ocrx_word' id='word_1_367' title='bbox 473 3761 656 3817; x_wconf 77' lang='lat' dir='ltr'><strong>Scripta</strong></span> <span class='ocrx_word' id='word_1_368' title='bbox 674 3765 723 3806; x_wconf 87' lang='lat' dir='ltr'><strong>et</strong></span> <span class='ocrx_word' id='word_1_369' title='bbox 740 3762 865 3805; x_wconf 78' lang='lat' dir='ltr'><strong>vitae</strong></span> <span class='ocrx_word' id='word_1_370' title='bbox 882 3760 1151 3816; x_wconf 81' lang='lat' dir='ltr'><strong>scriptores.</strong></span> <span class='ocrx_word' id='word_1_371' title='bbox 1197 3760 1514 3805; x_wconf 77' lang='lat' dir='ltr'><strong>Succeuores.</strong></span> <span class='ocrx_word' id='word_1_372' title='bbox 1532 3780 1586 3794; x_wconf 91' lang='lat'>-</span> <span class='ocrx_word' id='word_1_373' title='bbox 1608 3758 1860 3804; x_wconf 65' lang='lat' dir='ltr'><strong>lonastica</strong></span> <span class='ocrx_word' id='word_1_374' title='bbox 1878 3755 2114 3811; x_wconf 81' lang='lat' dir='ltr'><strong>quaedam.</strong></span> <span class='ocrx_word' id='word_1_375' title='bbox 2159 3753 2302 3812; x_wconf 82' lang='lat' dir='ltr'><strong>Origo</strong></span> 
     </span>
     <span class='ocr_line' id='line_1_39' title="bbox 166 3824 2306 3887; baseline -0.002 -10"><span class='ocrx_word' id='word_1_376' title='bbox 166 3831 495 3877; x_wconf 69' lang='lat' dir='ltr'><strong>Gemblacensis</strong></span> <span class='ocrx_word' id='word_1_377' title='bbox 524 3833 805 3877; x_wconf 85' lang='lat' dir='ltr'><strong>monasterii.</strong></span> <span class='ocrx_word' id='word_1_378' title='bbox 832 3852 887 3864; x_wconf 91' lang='lat'>—</span> <span class='ocrx_word' id='word_1_379' title='bbox 912 3831 1134 3887; x_wconf 77' lang='lat' dir='ltr'><strong>Stephani</strong></span> <span class='ocrx_word' id='word_1_380' title='bbox 1159 3830 1284 3876; x_wconf 75' lang='lat' dir='ltr'><strong>vm.</strong></span> <span class='ocrx_word' id='word_1_381' title='bbox 1312 3831 1483 3876; x_wconf 87' lang='lat' dir='ltr'><strong>obitus.</strong></span> <span class='ocrx_word' id='word_1_382' title='bbox 1536 3831 1739 3875; x_wconf 69' lang='lat' dir='ltr'><strong>narinus</strong></span> <span class='ocrx_word' id='word_1_383' title='bbox 1766 3829 1825 3874; x_wconf 87' lang='lat'><strong>11.</strong></span> <span class='ocrx_word' id='word_1_384' title='bbox 1846 3826 2066 3873; x_wconf 84' lang='lat' dir='ltr'><strong>succedit.</strong></span> <span class='ocrx_word' id='word_1_385' title='bbox 2114 3824 2306 3872; x_wconf 80' lang='lat' dir='ltr'><strong>Cometa</strong></span> 
     </span>
     <span class='ocr_line' id='line_1_40' title="bbox 169 3897 2304 3958; baseline -0.002 -11"><span class='ocrx_word' id='word_1_386' title='bbox 169 3912 364 3956; x_wconf 82' lang='lat' dir='ltr'><strong>magnus.</strong></span> <span class='ocrx_word' id='word_1_387' title='bbox 389 3922 444 3935; x_wconf 90' lang='lat'>—</span> <span class='ocrx_word' id='word_1_388' title='bbox 468 3901 767 3958; x_wconf 78' lang='lat' dir='ltr'><strong>Privilegium</strong></span> <span class='ocrx_word' id='word_1_389' title='bbox 791 3914 818 3946; x_wconf 93' lang='lat' dir='ltr'><strong>a</strong></span> <span class='ocrx_word' id='word_1_390' title='bbox 847 3902 1036 3947; x_wconf 78' lang='lat' dir='ltr'><strong>Graecis</strong></span> <span class='ocrx_word' id='word_1_391' title='bbox 1063 3901 1340 3947; x_wconf 88' lang='lat' dir='ltr'><strong>monasterio</strong></span> <span class='ocrx_word' id='word_1_392' title='bbox 1368 3901 1428 3947; x_wconf 84' lang='lat' dir='ltr'><strong>ad</strong></span> <span class='ocrx_word' id='word_1_393' title='bbox 1443 3900 1657 3946; x_wconf 74' lang='lat' dir='ltr'><strong>Vulturni</strong></span> <span class='ocrx_word' id='word_1_394' title='bbox 1684 3899 1835 3943; x_wconf 75' lang='lat' dir='ltr'><strong>tontes</strong></span> <span class='ocrx_word' id='word_1_395' title='bbox 1859 3898 2028 3942; x_wconf 89' lang='lat' dir='ltr'><strong>datum.</strong></span> <span class='ocrx_word' id='word_1_396' title='bbox 2071 3897 2304 3943; x_wconf 76' lang='lat' dir='ltr'><strong>Romanus</strong></span> 
     </span>
     <span class='ocr_line' id='line_1_41' title="bbox 169 3968 2305 4029; baseline -0.003 -11"><span class='ocrx_word' id='word_1_397' title='bbox 169 3974 406 4029; x_wconf 82' lang='lat' dir='ltr'><strong>imperator</strong></span> <span class='ocrx_word' id='word_1_398' title='bbox 431 3984 648 4029; x_wconf 82' lang='lat' dir='ltr'><strong>generum</strong></span> <span class='ocrx_word' id='word_1_399' title='bbox 676 3972 786 4018; x_wconf 82' lang='lat' dir='ltr'><strong>liliis</strong></span> <span class='ocrx_word' id='word_1_400' title='bbox 812 3973 1096 4029; x_wconf 83' lang='lat' dir='ltr'><strong>praeposuit.</strong></span> <span class='ocrx_word' id='word_1_401' title='bbox 1141 3994 1195 4005; x_wconf 92' lang='lat'>-</span> <span class='ocrx_word' id='word_1_402' title='bbox 1237 3973 1462 4029; x_wconf 75' lang='lat' dir='ltr'><strong>‘tempora</strong></span> <span class='ocrx_word' id='word_1_403' title='bbox 1494 3981 1648 4016; x_wconf 82' lang='lat' dir='ltr'><strong>rerum</strong></span> <span class='ocrx_word' id='word_1_404' title='bbox 1675 3968 1858 4014; x_wconf 82' lang='lat' dir='ltr'><strong>ottonis</strong></span> <span class='ocrx_word' id='word_1_405' title='bbox 1883 3968 2038 4024; x_wconf 63' lang='lat' dir='ltr'><strong>Ungui</strong></span> <span class='ocrx_word' id='word_1_406' title='bbox 2064 3970 2305 4024; x_wconf 79' lang='lat' dir='ltr'><strong>hueusque</strong></span> 
     </span>
     <span class='ocr_line' id='line_1_42' title="bbox 167 4039 2307 4101; baseline -0.003 -12"><span class='ocrx_word' id='word_1_407' title='bbox 167 4045 376 4101; x_wconf 81' lang='lat' dir='ltr'><strong>perplexa</strong></span> <span class='ocrx_word' id='word_1_408' title='bbox 413 4043 590 4097; x_wconf 82' lang='lat' dir='ltr'><strong>habita,</strong></span> <span class='ocrx_word' id='word_1_409' title='bbox 630 4054 752 4089; x_wconf 83' lang='lat' dir='ltr'><strong>nunc</strong></span> <span class='ocrx_word' id='word_1_410' title='bbox 790 4044 1017 4089; x_wconf 84' lang='lat' dir='ltr'><strong>ordinata.</strong></span> <span class='ocrx_word' id='word_1_411' title='bbox 1041 4064 1096 4076; x_wconf 91' lang='lat'>—</span> <span class='ocrx_word' id='word_1_412' title='bbox 1134 4043 1432 4088; x_wconf 60' lang='lat' dir='ltr'><strong>frodoardus</strong></span> <span class='ocrx_word' id='word_1_413' title='bbox 1460 4046 1508 4087; x_wconf 90' lang='lat' dir='ltr'><strong>et</strong></span> <span class='ocrx_word' id='word_1_414' title='bbox 1530 4040 1783 4097; x_wconf 75' lang='lat' dir='ltr'><strong>Reginonis</strong></span> <span class='ocrx_word' id='word_1_415' title='bbox 1823 4040 2112 4085; x_wconf 79' lang='lat' dir='ltr'><strong>continuator</strong></span> <span class='ocrx_word' id='word_1_416' title='bbox 2142 4039 2307 4086; x_wconf 71' lang='lat' dir='ltr'><strong>deren-</strong></span> 
     </span>
     <span class='ocr_line' id='line_1_43' title="bbox 171 4110 2310 4170; baseline -0.002 -11"><span class='ocrx_word' id='word_1_417' title='bbox 171 4116 340 4160; x_wconf 76' lang='lat' dir='ltr'><strong>dantur.</strong></span> <span class='ocrx_word' id='word_1_418' title='bbox 377 4136 427 4148; x_wconf 91' lang='lat'>-</span> <span class='ocrx_word' id='word_1_419' title='bbox 470 4114 640 4160; x_wconf 83' lang='lat' dir='ltr'><strong>Contra</strong></span> <span class='ocrx_word' id='word_1_420' title='bbox 664 4114 989 4170; x_wconf 74' lang='lat' dir='ltr'><strong>Vorburgium.</strong></span> <span class='ocrx_word' id='word_1_421' title='bbox 1021 4133 1070 4147; x_wconf 89' lang='lat'>-</span> <span class='ocrx_word' id='word_1_422' title='bbox 1106 4114 1319 4160; x_wconf 68' lang='lat' dir='ltr'><strong>Honachi</strong></span> <span class='ocrx_word' id='word_1_423' title='bbox 1358 4113 1407 4158; x_wconf 90' lang='lat' dir='ltr'><strong>iu</strong></span> <span class='ocrx_word' id='word_1_424' title='bbox 1447 4113 1774 4159; x_wconf 75' lang='lat' dir='ltr'><strong>monasteriam</strong></span> <span class='ocrx_word' id='word_1_425' title='bbox 1813 4111 1862 4160; x_wconf 79' lang='lat' dir='ltr'><strong>S.</strong></span> <span class='ocrx_word' id='word_1_426' title='bbox 1888 4110 2065 4157; x_wconf 73' lang='lat' dir='ltr'><strong>Arnum</strong></span> <span class='ocrx_word' id='word_1_427' title='bbox 2103 4112 2310 4157; x_wconf 72' lang='lat' dir='ltr'><strong>lietense</strong></span> 
     </span>
     <span class='ocr_line' id='line_1_44' title="bbox 168 4184 1492 4242; baseline -0.003 -11"><span class='ocrx_word' id='word_1_428' title='bbox 168 4186 476 4231; x_wconf 78' lang='lat' dir='ltr'><strong>restituantur.</strong></span> <span class='ocrx_word' id='word_1_429' title='bbox 502 4206 556 4217; x_wconf 95' lang='lat'>—</span> <span class='ocrx_word' id='word_1_430' title='bbox 598 4184 796 4230; x_wconf 80' lang='lat' dir='ltr'><strong>Gouradi</strong></span> <span class='ocrx_word' id='word_1_431' title='bbox 822 4186 951 4241; x_wconf 82' lang='lat' dir='ltr'><strong>regis</strong></span> <span class='ocrx_word' id='word_1_432' title='bbox 976 4186 1272 4242; x_wconf 77' lang='lat' dir='ltr'><strong>Burgundiae</strong></span> <span class='ocrx_word' id='word_1_433' title='bbox 1299 4185 1492 4240; x_wconf 80' lang='lat' dir='ltr'><strong>epocha.</strong></span> 
     </span>
    </p>
   </div>
   <div class='ocr_carea' id='block_1_5' title="bbox 92 4285 2553 4544">
    <p class='ocr_par' dir='ltr' id='par_1_5' title="bbox 92 4285 2553 4544">
     <span class='ocr_line' id='line_1_45' title="bbox 230 4285 2553 4363; baseline -0.002 -16"><span class='ocrx_word' id='word_1_434' title='bbox 230 4292 274 4347; x_wconf 87' lang='lat'><strong>1.</strong></span> <span class='ocrx_word' id='word_1_435' title='bbox 340 4291 538 4348; x_wconf 87' lang='lat' dir='ltr'><strong>Ottone</strong></span> <span class='ocrx_word' id='word_1_436' title='bbox 580 4304 726 4363; x_wconf 85' lang='lat' dir='ltr'><strong>rege,</strong></span> <span class='ocrx_word' id='word_1_437' title='bbox 780 4290 1157 4362; x_wconf 87' lang='lat' dir='ltr'><strong>appetentibus</strong></span> <span class='ocrx_word' id='word_1_438' title='bbox 1200 4291 1357 4360; x_wconf 80' lang='lat' dir='ltr'><strong>huius</strong></span> <span class='ocrx_word' id='word_1_439' title='bbox 1403 4291 1530 4347; x_wconf 83' lang='lat' dir='ltr'><strong>anni</strong></span> <span class='ocrx_word' id='word_1_440' title='bbox 1570 4290 1756 4363; x_wconf 85' lang='lat' dir='ltr'><strong>initiis,</strong></span> <span class='ocrx_word' id='word_1_441' title='bbox 1809 4288 2044 4347; x_wconf 83' lang='lat' dir='ltr'><strong>natalem</strong></span> <span class='ocrx_word' id='word_1_442' title='bbox 2085 4285 2300 4343; x_wconf 85' lang='lat' dir='ltr'><strong>Domini</strong></span> <span class='ocrx_word' id='word_1_443' title='bbox 2326 4285 2394 4355; x_wconf 66' lang='grc' dir='ltr'><strong>Α,</strong></span> <span class='ocrx_word' id='word_1_444' title='bbox 2412 4288 2553 4360; x_wconf 68' lang='lat'><strong>042,</strong></span> 
     </span>
     <span class='ocr_line' id='line_1_46' title="bbox 92 4376 2293 4465; baseline -0.003 -27"><span class='ocrx_word' id='word_1_445' title='bbox 92 4382 229 4438; x_wconf 85' lang='lat' dir='ltr'><strong>diem</strong></span> <span class='ocrx_word' id='word_1_446' title='bbox 253 4379 572 4448; x_wconf 77' lang='lat' dir='ltr'><strong>Francosurti</strong></span> <span class='ocrx_word' id='word_1_447' title='bbox 595 4379 919 4452; x_wconf 88' lang='lat' dir='ltr'><strong>celebrante,</strong></span> <span class='ocrx_word' id='word_1_448' title='bbox 948 4381 1211 4465; x_wconf 82' lang='lat' dir='ltr'><strong>Henricns</strong></span> <span class='ocrx_word' id='word_1_449' title='bbox 1232 4376 1395 4435; x_wconf 78' lang='lat' dir='ltr'><strong>frater</strong></span> <span class='ocrx_word' id='word_1_450' title='bbox 1414 4394 1580 4451; x_wconf 87' lang='lat' dir='ltr'><strong>opera</strong></span> <span class='ocrx_word' id='word_1_451' title='bbox 1598 4379 1817 4438; x_wconf 82' lang='lat' dir='ltr'><strong>Roberti</strong></span> <span class='ocrx_word' id='word_1_452' title='bbox 1839 4377 2293 4446; x_wconf 72' lang='lat' dir='ltr'><strong>Hoguntiacensis</strong></span> 
     </span>
     <span class='ocr_line' id='line_1_47' title="bbox 97 4467 2304 4544; baseline -0.003 -17"><span class='ocrx_word' id='word_1_453' title='bbox 97 4469 354 4527; x_wconf 82' lang='lat' dir='ltr'><strong>ecclesiae</strong></span> <span class='ocrx_word' id='word_1_454' title='bbox 380 4471 592 4527; x_wconf 83' lang='lat' dir='ltr'><strong>diaconi</strong></span> <span class='ocrx_word' id='word_1_455' title='bbox 615 4470 861 4527; x_wconf 83' lang='lat' dir='ltr'><strong>custodia</strong></span> <span class='ocrx_word' id='word_1_456' title='bbox 876 4467 1274 4540; x_wconf 79' lang='lat' dir='ltr'><strong>lngelhemensi</strong></span> <span class='ocrx_word' id='word_1_457' title='bbox 1300 4467 1546 4542; x_wconf 85' lang='lat' dir='ltr'><strong>elabitur,</strong></span> <span class='ocrx_word' id='word_1_458' title='bbox 1573 4473 1632 4529; x_wconf 91' lang='lat' dir='ltr'><strong>et</strong></span> <span class='ocrx_word' id='word_1_459' title='bbox 1656 4471 1870 4544; x_wconf 82' lang='lat' dir='ltr'><strong>captato</strong></span> <span class='ocrx_word' id='word_1_460' title='bbox 1898 4471 2157 4536; x_wconf 80' lang='lat' dir='ltr'><strong>tempore,</strong></span> <span class='ocrx_word' id='word_1_461' title='bbox 2183 4479 2304 4521; x_wconf 89' lang='lat' dir='ltr'><strong>cum</strong></span> 
     </span>
    </p>
   </div>
  </div>
 </body>
</html>
