2817 4959
259 1179 478 1251 &ffih

508 301 637 372 &2
1085 298 2140 369 ANNALESIMPERH

581 482 754 538 711118·
780 501 833 511 -
884 474 1104 523 ΛηῑῑΜ
1143 473 1400 531 ῑθῡθῑῆῑῑῐ·
1440 496 1494 507 -
1545 475 1887 524 mmmmm
1926 481 1977 521 et
2013 476 2352 534 ”ohanna
2394 479 2661 537 principes.
2682 503 2729 513 --

581 551 804 596 neurim
845 562 926 594 rex
965 549 1016 591 id
1055 547 1169 602 agit,
1207 558 1266 590 ne
1303 546 1573 591 nei-ibertus
1611 547 1748 602 plane
1788 549 2086 604 opprimatur.
2123 572 2177 582 —
2228 551 2355 596 slavi
2393 551 2577 595 Uer-nni
2603 553 2727 595 vieti

579 623 777 667 'rabulae
816 619 1124 665 nerisienses.
1162 639 1217 648 —
1265 617 1682 662 Veromanduorum
1720 618 2038 673 propinquitas
2078 631 2177 665 enm
2217 622 2409 675 regibus
2444 621 2663 666 tobei-te
2688 627 2729 665 et

579 692 774 736 Rudolfo
803 696 850 735 et
873 687 1062 735 Arnulro
1090 687 1307 733 Flan'dro.
1340 709 1395 722 -·-
1445 688 1675 731 Balderici
1703 688 2013 745 'l'raJectensis
2042 691 2246 747 episcopi
2272 690 2452 735 charta.
2478 713 2545 723 —
2596 691 2729 736 Pin-e

581 764 640 807 de
667 772 738 806 eo.
765 783 817 794 ·-
861 760 1070 805 antherii
1097 769 1245 804 mores
1272 763 1320 803 et
1345 758 1438 802 tata
1467 769 1525 801 ex
1549 762 1698 813 parte.
1726 779 1780 789 --
1824 760 1873 805 S.
1902 759 2137 805 Conradus
2176 763 2427 818 episcopus
2453 762 2729 808 Contu-h·-

578 833 704 878 ensis
733 846 790 878 ex
818 831 1077 877 Gueltorum
1103 834 1255 886 gente.
1283 850 1336 860 —
1357 830 1426 873 De
1454 827 1623 874 Guellis
1649 840 1735 884 per
1758 828 1977 878 Judltliae
2004 835 2227 886 augustae
2251 832 2426 877 mnes
2451 835 2729 889 propagatis

577 904 626 948 in
651 904 915 960 Burgundia
942 903 1263 957 Transjurana,
1291 900 1369 944 uhi
1396 911 1584 955 regnum
1612 901 1785 956 adepti,
1814 905 1863 944 et
1890 901 1938 944 in
1969 901 2223 948 Germania.
2249 924 2302 935 -—
2326 901 2514 948 Fabula
2542 904 2731 948 Rurici

578 986 678 1019 cum
706 985 844 1018 aureo
872 985 1022 1019 curru.
1045 994 1098 1004 -—
1148 972 1313 1016 Ethico
1342 972 1623 1025 indignatur,
1652 971 1774 1026 qnod
1801 971 1923 1015 tilius
1950 973 2173 1017 lienricus
2200 984 2250 1018 se
2277 976 2511 1019 vasallum
2542 975 2731 1019 teeiuet

576 1046 703 1101 regis
721 1046 925 1101 praediis
943 1043 1160 1098 acceptis.
1199 1042 1388 1086 Raurici
1408 1041 1563 1085 liberi.
1582 1064 1635 1073 —
1673 1042 1742 1086 De
1766 1042 2058 1087 monasteriis
2075 1043 2253 1088 Altonis
2272 1056 2356 1089 seu
2374 1044 2728 1091 sstem-mer

578 1121 627 1160 et
650 1115 899 1161 Alton-tensi
927 1114 1062 1157 hodie
1086 1111 1419 1168 wingartenst.
1447 1134 1500 1144 —
1542 1113 1761 1169 Episcopi
1786 1115 2213 1170 Argentoratensem

644 1190 693 1244 i.
765 1187 1044 1243 Albericus
1088 1199 1275 1256 papam
1319 1183 1533 1240 fratrem
1573 1189 1780 1255 captum
1822 1188 2030 1258 tenens,
2070 1186 2449 1257 expeditiones
2494 1188 2729 1245 curiales

483 1290 590 1348 ‘pro
618 1276 835 1332 arbitrio
864 1272 1234 1330 moderabatur
1260 1275 1398 1329 etin
1427 1273 1709 1328 utilitatem
1727 1286 1877 1328 suam
1905 1274 2431 1346 emolumentumque
2458 1277 2724 1333 vertebat

493 1365 680 1435 ltaque
707 1364 1038 1420 Frodoardus
1066 1366 1119 1417 in
1143 1363 1393 1419 Remensi
1416 1362 1636 1417 historia
1665 1360 1886 1432 dubitat,
1915 1377 2071 1433 papa,
2096 1377 2165 1419 an
2189 1364 2477 1420 Albericns
2496 1366 2729 1422 Artaldo

496 1455 714 1529 pallium
742 1455 960 1509 miserit.
1034 1451 1221 1506 Narrat
1254 1450 1623 1521 Luitprandus,
1664 1457 1791 1505 tunc
1819 1456 2119 1521 corruptum
2147 1452 2459 1509 muneribus
2486 1459 2552 1510 et
2580 1454 2726 1511 Cen-

495 1543 967 1615 stantinopolitano
1007 1541 1310 1613 imperatori
1348 1539 1709 1609 indulgentem
1747 1537 2014 1612 effecisse,
2052 1544 2111 1595 ut
2147 1539 2383 1597 Romano
2425 1542 2727 1612 diplomate

361 1682 374 1692 .
495 1631 890 1704 'theophylacto
919 1629 1249 1702 patriarchae
1285 1634 1599 1700 perpetuum
1640 1625 1790 1698 pallii
1823 1630 1913 1697 jus
1954 1629 2352 1700 concederetur,
2394 1635 2573 1701 atque
2596 1632 2724 1688 inde

492 1722 694 1793 passim
736 1721 1023 1790 episcopos
1063 1733 1161 1788 per
1201 1717 1476 1774 Graeciam
1517 1715 1681 1789 pallio
1722 1718 1817 1772 uti.
1886 1716 2000 1785 Ego
2036 1718 2368 1791 crediderim,
2406 1719 2653 1776 Graecos
2690 1733 2721 1775 e

494 1808 791 1881 patriarcha
836 1808 1133 1864 occidentis
1179 1806 1395 1877 pallium
1439 1820 1549 1862 non
1593 1806 1846 1876 petiisse3
1890 1804 2111 1861 dedisse
2151 1809 2328 1862 tamen
2369 1821 2619 1880 operam,
2665 1815 2721 1863 nt

492 1897 706 1956 tabulas
744 1896 999 1968 quasdam
1036 1896 1201 1952 Roma
1227 1898 1680 1966 nanciscerentur,
1708 1892 1901 1967 quibus
1929 1897 2030 1965 jus,
2070 1895 2214 1964 quod
2244 1894 2347 1951 sibi
2373 1895 2718 1966 arrogabant,

493 1987 942 2058 comprobaretur.

633 2077 682 2131 2.
753 2074 882 2130 Cum
913 2076 1061 2142 nugo
1089 2088 1183 2129 rex
1210 2073 1389 2129 irritus
1418 2073 1584 2129 Roma
1610 2072 1856 2146 redisset,
1896 2072 2177 2143 plurimum
2214 2073 2476 2130 diminuta
2500 2076 2715 2131 videtur

491 2163 803 2236 populorum
825 2163 1163 2218 existimatio.
1218 2160 1404 2233 Itaque
1433 2161 1584 2218 fuere
1612 2162 1783 2217 Italici
1812 2175 2079 2234 proceres,
2106 2164 2199 2233 qui
2214 2161 2497 2219 Amulium
2518 2165 2712 2221 ducem

490 2253 768 2321 Baioariae
806 2251 872 2305 ad
913 2249 1299 2320 capessendum
1325 2237 1528 2305 'ltaliae
1568 2263 1788 2318 regnum
1824 2249 2172 2323 stimularent,
2217 2253 2359 2307 inter
2398 2267 2543 2322 qnos
2586 2254 2713 2308 Milo

491 2352 673 2396 comes
700 2338 1024 2394 Veronensis
1066 2341 1121 2390 et
1160 2334 1438 2391 Ratherius
1482 2339 1769 2407 episcopus
1811 2339 2051 2409 inprimis
2079 2355 2111 2395 a
2138 2338 2462 2411 Luitprando
2500 2355 2713 2399 memo-

487 2430 683 2483 rantur.
773 2426 887 2481 Rex
930 2421 1179 2479 Ratherio
1225 2422 1483 2479 monacho
1529 2426 1849 2494 promiserat
1892 2426 2256 2484 veronensem
2300 2427 2624 2501 ecclesian,
2664 2433 2711 2487 si

487 2514 784 2584 Rilduinus,
829 2514 914 2569 cui
960 2511 1324 2567 commendata
1369 2510 1559 2585 fuerat,
1618 2515 1780 2570 altius
1824 2516 2158 2573 ascenderet.
2248 2516 2537 2576 Lamberto
2584 2533 2709 2589 ergo

484 2602 961 2659 mediolanensium
987 2599 1391 2672 archiepiscopo
1430 2602 1683 2675 extincto,
1719 2603 1998 2661 Hilduinus
2026 2609 2334 2674 surrogatus
2362 2611 2467 2678 est,
2506 2608 2709 2665 Bathe-

485 2694 705 2764 riusque
721 2690 937 2747 Romam
958 2691 1169 2761 missuS,
1196 2693 1256 2745 ut
1274 2691 1325 2745 ei
1344 2690 1561 2760 pallium
1590 2694 1813 2761 peteret.
1877 2693 2155 2751 Ratherius
2173 2695 2328 2750 simul
2356 2710 2473 2752 rem
2495 2701 2707 2767 patroni

488 2784 542 2838 et
568 2795 717 2837 suam
747 2793 952 2849 curans,
989 2778 1292 2834 obtinuerat
1319 2779 1777 2837 commendatitias
1806 2795 1837 2837 a
1862 2781 2106 2838 Johanne
2132 2782 2217 2838 XI.
2245 2798 2388 2856 papa
2411 2784 2707 2857 literas‚-ut

483 2868 786 2926 Veronensi
826 2867 1096 2926 ecclesiae
1136 2867 1532 2937 praeficeretur.
1604 2868 1715 2926 Rex
1756 2872 1810 2926 in
1849 2873 2023 2927 animo
2064 2871 2297 2929 habebat
2341 2872 2475 2930 dare
2516 2876 2702 2933 sedem

483 2957 684 3015 bomini
712 2959 877 3026 magis
904 2957 1009 3012 sibi
1037 2956 1268 3012 addicto.
1337 2955 1637 3013 Praevaluit
1664 2962 1842 3016 tamen
1877 2959 2145 3031 pontificis
2171 2963 2446 3032 autoritas,
2492 2968 2551 3019 et
2576 2980 2703 3036 pro-

482 3049 634 3103 missi
661 3046 930 3114 memoria,
971 3049 1025 3099 et
1053 3044 1284 3114 denique
1312 3057 1442 3114 spes
1470 3059 1537 3101 ex
1577 3048 1881 3116 periculoso
1921 3048 2155 3106 Ratherii
2196 3050 2384 3106 morbo
2422 3059 2704 3126 concepta,

482 3150 604 3191 mox
643 3147 864 3189 vacuum
904 3147 1086 3187 rursus
1125 3131 1303 3187 locum
1345 3132 1477 3189 fore.
1561 3134 1670 3190 Sed
1710 3135 1958 3191 Ratherio
2000 3138 2202 3194 nullum
2248 3142 2420 3210 magis
2464 3141 2702 3198 salutare

479 3223 814 3296 pharmacum
842 3221 1110 3291 propinari
1138 3224 1363 3291 poterat.
1434 3221 1547 3278 Rex
1575 3221 1702 3278 facti
1728 3227 2009 3294 poenitens
2037 3227 2089 3281 id
2119 3228 2327 3300 agebat,
2354 3233 2415 3284 ut
2440 3231 2699 3286 adimeret

479 3312 736 3368 redituum
766 3313 984 3380 partem,
1026 3313 1080 3363 et
1107 3323 1228 3364 cum
1253 3312 1546 3383 resisteret,
1587 3313 1766 3368 multis
1793 3313 1966 3369 modis
1993 3313 2262 3372 hominem
2292 3319 2601 3392 exercebat,
2639 3325 2698 3375 ut

478 3400 710 3458 irritatus
748 3404 932 3468 ageret
971 3396 1186 3470 aliquid,
1232 3397 1301 3454 ob
1343 3400 1485 3469 quod
1528 3400 1659 3471 pelli
1699 3407 1903 3472 posset.
1987 3403 2170 3474 Itaque
2212 3406 2328 3462 sive
2372 3420 2543 3464 causa
2582 3411 2697 3464 sive

479 3489 661 3545 colore
700 3492 930 3559 reperto,
973 3487 1159 3556 pulsus
1201 3491 1256 3542 et
1295 3489 1351 3544 in
1390 3502 1660 3547 carcerem
1700 3494 1974 3560 conjectus
2011 3495 2112 3548 est.
2184 3492 2410 3550 Duobus
2449 3499 2609 3553 annis
2644 3503 2699 3553 et

478 3579 694 3635 dimidio
735 3576 855 3633 tulit
890 3578 1320 3647 persecutionem
1365 3579 1419 3631 in
1460 3592 1558 3633 sua
1603 3578 1751 3647 sede,
1799 3581 2019 3637 totidem
2065 3583 2118 3636 in
2165 3594 2384 3640 carcere
2428 3583 2692 3656 Papiensi.

477 3668 639 3739 Haec,
668 3670 715 3723 si
743 3664 1061 3737 Luitprando
1088 3664 1246 3721 fidem
1272 3664 1548 3737 habemuS,
1574 3680 1716 3723 nunc
1742 3671 2075 3741 contigerint,
2105 3670 2245 3740 quod
2273 3670 2566 3730 Ratberius
2590 3677 2687 3730 Ar-

475 3755 627 3813 nult‘o
654 3756 923 3812 studuisse
951 3755 1227 3826 diceretur,
1257 3754 1353 3810 sed
1383 3752 1603 3811 calculis
1632 3756 1924 3827 subductis,
1954 3758 2019 3814 ad
2048 3773 2097 3814 a.
2113 3759 2177 3813 D.
2192 3759 2314 3815 933.
2338 3763 2687 3830 ostendimus,

449 3858 745 3916 „carceoem
773 3841 1005 3899 Ratherii
1043 3845 1392 3913 posteriorem
1421 3857 1548 3900 esse
1576 3845 1777 3902 debere
1815 3860 1922 3902 non
1960 3847 2303 3916 expeditione
2332 3851 2561 3921 unm,
2598 3850 2689 3908 sed

474 3919 636 3989 etiam
664 3936 835 3987 morte
861 3931 1080 3988 Amulii.

611 4019 667 4075 3.
738 4018 875 4074 Illud
917 4019 1254 4076 manifestum
1295 4024 1394 4092 est,
1436 4020 1636 4079 Aruulti
1678 4023 1910 4091 Bajoarii
1949 4023 2347 4093 expeditionem
2388 4029 2445 4082 in
2483 4026 2691 4083 Italian

471 4109 609 4166 ultra
647 4108 789 4164 hunc
825 4122 1018 4164 annum
1059 4112 1151 4164 aut
1187 4115 1503 4180 sequentem
1544 4112 1611 4166 ad
1650 4125 1910 4168 summum
1952 4110 2146 4168 differri
2184 4127 2293 4169 non
2335 4128 2521 4186 posse,
2567 4117 2687 4186 qnia

472 4213 521 4255 a.
541 4196 602 4253 D.
623 4196 743 4253 936.
772 4199 1104 4253 coronationi
1133 4196 1343 4254 Ottonis
1369 4199 1440 4254 M.
1471 4197 1722 4270 interfuit,
1747 4213 1797 4254 a.
1818 4198 1880 4253 D.
1901 4199 2021 4257 937.
2046 4201 2300 4258 decessit.
2370 4203 2531 4270 Nunc
2556 4217 2689 4261 sane

471 4286 683 4342 facilius
725 4286 922 4342 audere
963 4284 1161 4356 aliquid
1203 4290 1389 4359 potuit,
1432 4287 1693 4356 Hungaris
1725 4288 1838 4355 jam
1879 4287 2077 4344 fractis.
2160 4288 2401 4347 Tenebat
2441 4291 2540 4347 ille
2579 4307 2681 4349 non

470 4374 747 4443 Baioarios
774 4376 992 4445 tantum,
1022 4374 1117 4429 sed
1148 4380 1204 4430 et
1230 4376 1561 4431 carentanos
1590 4380 1646 4433 et
1673 4373 1890 4448 Carnos,
1919 4380 1976 4432 et
2003 4377 2253 4450 quicquid
2273 4382 2460 4436 vetere
2486 4380 2679 4436 Norico

469 4466 525 4525 et
560 4461 674 4520 sere
699 4459 993 4518 Vindelicis
1036 4462 1595 4532 comprehendebatur.
1667 4465 1857 4538 Itaque
1899 4467 2002 4523 iter
2039 4468 2095 4524 in
2132 4465 2338 4526 Italiam
2379 4469 2449 4525 ad
2491 4467 2677 4525 Clusas
