2817 4959
668 279 1202 350 ANNALES
1268 280 1727 352 IMPERII
2179 282 2307 353 663

107 462 139 514 nt
161 455 517 514 Ermesindae
558 454 628 512 de
665 453 870 513 Reinelt
907 455 1071 513 liliam
1111 456 1273 528 facit3
1318 460 1375 514 et
1402 454 1549 515 favet
1575 459 1632 514 in
1657 456 1772 514 filio
1806 467 2004 515 nomeu
2030 455 2390 529 Lndoviciffl.
2418 453 2558 524 955.

107 545 404 618 tridoricus,
443 546 589 616 quod
625 544 933 614 religiosam
959 547 1122 602 vitam
1162 547 1302 601 inter
1329 545 1621 602 monachos
1649 559 1812 616 agere
1839 546 2058 619 soleret,
2103 548 2308 605 Bardus

107 634 351 691 iventino
376 635 598 705 (nescio
626 648 696 692 an
723 639 778 690 et
804 633 927 690 altis
954 638 1079 690 ante
1108 633 1288 702 illum)
1315 634 1492 690 dictus
1521 638 1635 692 est:
1676 647 1742 690 ea
1767 649 1874 690 vox
1900 639 2041 694 euim
2069 638 2138 691 iis
2165 639 2310 693 tem-

107 722 306 780 »oribus
345 737 457 780 nom
496 723 783 795 stupidum,
824 723 923 778 sed
962 722 1158 778 laicum
1185 722 1253 777 ad
1280 718 1474 778 fratres
1503 737 1819 779 conversum
1846 722 2209 796 significabat3
2250 730 2310 782 ut

107 810 175 867 rei
202 823 273 867 ex
298 810 482 868 verbis
508 811 752 881 ejusdem
778 810 1026 867 Aventini
1058 810 1287 879 intelligi
1314 814 1512 884 potest,
1553 813 1646 882 qui
1672 813 1728 868 in
1755 811 2029 869 Schirensi
2056 812 2310 870 chronico

107 898 153 954 id
181 914 227 956 a.
250 898 313 954 D.
334 899 492 957 1087.
518 902 685 971 notat,
725 899 1066 957 wilhelmum
1092 900 1530 968 Hirsaugiensem
1558 899 1822 970 abbatem,
1850 900 2085 970 Hazigae
2114 915 2182 957 ex
2208 916 2310 959 suo

107 991 412 1046 nonasterio
432 988 713 1045 duodecim
742 987 1052 1044 sacerdotes
1084 987 1411 1058 totidemque
1432 988 1626 1044 bardos
1645 988 1730 1060 (id
1750 993 1834 1045 est
1850 988 2054 1058 laicos)
2078 992 2311 1047 misisse.

107 1074 211 1131 Jtto
248 1076 427 1133 Minor
466 1076 688 1147 palatini
726 1075 1123 1132 Wittelsbachii
1156 1089 1355 1132 nomen
1398 1076 1631 1150 retinuit,
1679 1078 1822 1147 quod
1868 1080 1923 1132 iu
1964 1077 2076 1134 filio
2114 1079 2313 1135 ottone

107 1166 318 1235 munit,
340 1177 464 1220 cum
488 1167 555 1236 is,
582 1164 823 1234 Philippo
843 1163 1021 1220 suevo
1048 1176 1178 1234 rege
1197 1164 1396 1234 occiso,
1417 1177 1621 1233 poenas
1639 1170 1809 1221 morte
1828 1165 2034 1223 luisset.
2099 1167 2312 1224 ottonis

107 1250 238 1307 lucis
277 1251 425 1309 filius
454 1251 755 1309 Ludovicns
791 1265 901 1308 non
931 1254 1129 1309 tantum
1159 1252 1404 1308 ducatum
1433 1253 1691 1309 Bavariae
1719 1255 1903 1319 tenuit,
1945 1255 2044 1310 sed
2074 1257 2129 1311 et
2155 1256 2313 1325 pula-

108 1339 257 1415 inatu
294 1338 471 1397 Rheni
499 1342 660 1412 auxit,
705 1339 890 1397 Ottoni
921 1340 1121 1396 illustri
1150 1339 1262 1396 filio
1290 1345 1571 1412 procurata
1598 1342 1652 1396 in
1680 1343 2068 1400 matrimonium
2093 1344 2314 1414 ligusto,

107 1426 193 1483 ilia
233 1427 460 1485 Heurici
497 1443 568 1486 ex
607 1427 809 1486 Guulfis
850 1429 1002 1485 ducis
1042 1428 1312 1486 saxoniae
1350 1434 1406 1487 et
1447 1429 1667 1502 palatini
1694 1430 1762 1485 ad
1789 1430 2041 1503 Rhenum,
2083 1431 2313 1487 ilenrico

107 1528 268 1574 ,eone
291 1522 485 1574 nostro
512 1519 652 1585 nati;
682 1517 824 1574 unde
844 1520 956 1586 jam
983 1521 1210 1587 utraque
1236 1517 1439 1574 familia
1466 1518 1657 1574 ducum
1681 1518 1932 1576 Bavariae
1962 1523 2017 1575 et
2043 1518 2316 1591 palatino-

107 1619 197 1660 um
223 1606 396 1664 Rheni
440 1608 723 1664 notissima
762 1606 1223 1677 celeberrimaque
1261 1606 1559 1663 descendit.
1632 1606 1739 1663 Sed
1781 1605 2018 1666 tabulam
2044 1609 2218 1677 gentis
2246 1607 2316 1664 ad

107 1694 493 1753 liramationem
546 1709 720 1766 usque
768 1687 1133 1764 subjiciamus,
1186 1694 1408 1751 multum
1461 1709 1495 1751 a
1540 1693 1871 1769 Gewoldina,
1929 1696 2315 1769 Blondelliana,

107 1781 408 1842 rolneriana
432 1785 669 1856 aliisque
696 1782 1106 1839 deductionibus
1135 1782 1420 1840 diversam.

223 1873 312 1929 3⁷·
385 1890 523 1946 [ruo
547 1890 747 1938 stemma
770 1888 1018 1937 sonu-om
1045 1898 1126 1933 oen
1153 1888 1676 1935 canuno-navarreum
1701 1892 1752 1935 e·
1776 1890 2153 1946 mamaea-,1

226 1961 314 2018 38.
384 1962 545 2019 Multi
569 1966 784 2018 veteres
810 1959 1058 2016 Austriae
1085 1959 1420 2016 marchiones
1448 1973 1479 2015 a
1506 1960 1883 2019 Schirensibus
1923 1965 2136 2034 ducunt,
2178 1975 2317 2033 quos

107 2051 230 2105 inter
254 2056 380 2108 sunt
421 2049 713 2107 Gewoldus
750 2049 1052 2120 (Bruuuero
1088 2047 1383 2117 refutatus)
1427 2052 1481 2105 et
1520 2048 1850 2107 Blondellus.
1920 2050 2027 2107 Alii
2053 2052 2255 2107 rectius
2284 2066 2317 2108 a

107 2135 573 2211 laudunensibus,
601 2152 737 2209 quos
762 2141 904 2194 iuter
916 2140 1095 2195 tamen
1122 2137 1202 2192 illi
1230 2140 1426 2208 errant,
1467 2137 1660 2207 quibus
1688 2139 1986 2212 BertolduS,
2029 2138 2338 2212 ottonibus„

107 2221 243 2298 idus,
270 2228 511 2285 mrchio
548 2228 801 2285 Austriae
838 2227 1077 2295 videtum
1134 2240 1238 2297 ego
1264 2226 1506 2297 arbitror,
1550 2227 1837 2283 marchiam
1862 2226 2116 2284 habuisse
2137 2227 2318 2283 Nord-

107 2317 417 2389 nviensem,
446 2329 585 2388 quae
621 2321 811 2387 postea
849 2315 1161 2374 Chamensis
1188 2315 1275 2373 vel
1306 2314 1706 2386 Vohburgensis
1738 2316 1880 2372 dicta
1927 2322 2025 2388 est,
2067 2318 2320 2389 opposita

107 2400 356 2461 schemis.
375 2404 506 2475 Ejus
525 2404 666 2462 filius
684 2407 729 2459 Η
733 2407 943 2462 enricus
960 2404 1192 2461 Hem-ico
1212 2404 1409 2461 Sancto
1430 2405 1652 2462 rebellis
1667 2406 1783 2461 ruit.
1819 2403 1927 2460 Sed
1946 2403 2162 2462 fratrem
2180 2406 2320 2461 Ber-

107 2489 267 2546 ·oidus
302 2491 491 2549 habuit
523 2492 877 2565 Luitpoldum‚
903 2497 1142 2550 veterum
1170 2495 1414 2550 Austriae
1439 2493 1799 2552 marchionum
1840 2498 2114 2550 autoremt
2159 2492 2321 2550 ambo

107 2576 381 2633 ldalhorto
419 2579 769 2636 Marthalonsi
808 2594 948 2636 anno
977 2581 1258 2651 superiore
1287 2595 1451 2637 caeso
1490 2585 1602 2638 nati
1643 2583 1809 2652 suere,
1841 2593 1979 2650 quae
2022 2584 2213 2651 partim
2240 2582 2318 2637 ibi

107 2667 622 2736 ›raeoccupavimus.
692 2666 801 2722 Sed
834 2666 1096 2724 Henricus
1132 2667 1304 2723 dictus
1344 2668 1518 2724 Minor
1556 2669 1663 2725 dux
1693 2670 1951 2724 Bavariae
1980 2669 2047 2724 ad
2090 2672 2318 2741 tempus,

107 2756 143 2808 nt
182 2767 308 2809 mox
336 2752 648 2812 Car-inthius
675 2754 776 2811 suh
807 2754 1092 2812 ottonibus
1129 2754 1200 2811 11.
1235 2758 1305 2811 et·
1331 2754 1426 2826 111,
1472 2769 1582 2813 non
1624 2755 1781 2826 hujus
1809 2756 2044 2813 Bertoldi
2075 2756 2322 2815 suinfur-

108 2842 259 2896 ensis
285 2842 500 2915 Franci,
518 2844 616 2902 sed
646 2842 880 2902 Bertoldi
908 2844 1188 2913 Baioariao
1215 2844 1367 2899 ducis
1396 2843 1538 2900 filius
1575 2837 1690 2912 suit,
1728 2845 2168 2915 quemadmodum
2197 2850 2324 2904 tan-

107 2927 211 2986 lem
238 2935 499 3003 comperi,
526 2934 682 2993 nodis
709 2932 1075 3006 genealogicis
1103 2931 1315 2991 solutis.
1352 2931 1461 2990 Sed
1491 2945 1557 2991 ea
1585 2932 1655 2992 de
1678 2946 1742 2991 re
1765 2948 1949 2992 rursus
1978 2936 2079 2994 erit
2108 2936 2320 2994 dicendi

107 3017 262 3076 locus.

228 3107 323 3167 39.
390 3112 690 3185 Antequam
731 3112 857 3171 hiuo
894 3113 1166 3185 abeamus,
1196 3111 1490 3170 Eberhardi
1515 3113 1820 3184 occasione,
1861 3112 2223 3185 najoariorum
2260 3115 2319 3173 in

107 3206 283 3265 magno
311 3213 433 3257 oum
459 3202 723 3273 Huugaris
762 3203 966 3274 praelio
993 3203 1246 3272 dumetis,
1274 3202 1342 3259 de
1372 3200 1898 3273 Ebersbergensibus
1939 3203 2222 3261 comitibus
2248 3217 2320 3260 ex

107 3280 366 3345 Brunnero
394 3292 697 3350 domestica
721 3306 905 3348 eorum
934 3292 1251 3349 documenta
1278 3293 1483 3364 secuto,
1501 3296 1606 3347 tum
1636 3294 1795 3348 etiam
1825 3306 1892 3347 ex
1920 3290 2173 3349 Guelficis
2194 3308 2318 3349 mo-

107 3380 359 3433 numentis
389 3380 592 3451 aliquid
616 3381 800 3437 dicere
827 3394 1025 3452 operae
1054 3384 1281 3453 pretium
1300 3382 1418 3437 erit.
1469 3380 1741 3453 Semptanl
1762 3381 1984 3437 comites
2005 3380 2318 3438 dicebantur

107 3457 162 3513 ib
188 3475 347 3524 amne
373 3469 608 3542 Sempta,
642 3470 941 3527 Arentinus
965 3469 1265 3526 Latinitatis
1294 3468 1633 3526 affectatione
1659 3470 1904 3527 Senones
1944 3472 2119 3525 vocat.
2191 3469 2321 3538 sig-

107 3542 310 3609 bardum
337 3561 512 3625 gentis
540 3562 765 3629 primum
794 3559 1063 3615 historicis
1093 3560 1376 3630 cognitum,
1405 3560 1589 3629 inepte
1630 3556 2180 3626 carolomanni‘regis
2208 3558 2320 3614 Ba-

107 3634 297 3699 bariae
336 3651 593 3719 nepotem
620 3653 710 3704 aut
737 3653 1088 3721 pronepotem
1116 3648 1333 3704 faciunt.
1369 3646 1506 3705 Eum
1533 3648 1781 3703 comitem
1810 3660 1953 3718 esse,
1981 3647 2188 3717 opinor,
2226 3648 2320 3717 qui

107 3720 151 3779 ln
175 3725 429 3791 Ludovlci
463 3738 609 3806 regis
637 3736 998 3795 adolescentis
1028 3727 1229 3794 tabulis
1251 3738 1590 3808 memoratur,
1617 3750 1749 3807 quas
1776 3735 2102 3804 Frisingensl
2130 3733 2321 3792 eccle-

107 3812 212 3871 8180
239 3819 390 3878 datas
416 3824 695 3883 retulimus
723 3825 789 3881 ad
809 3841 856 3882 a.
884 3826 945 3883 D.
974 3826 1094 3885 90⁷.
1168 3827 1321 3883 Hunc
1346 3829 1624 3895 nugantur,
1647 3837 1810 3880 caeso
1837 3838 1983 3895 apro,
2012 3823 2152 3880 haud
2178 3822 2319 3881 infra

107 3896 485 3970 Erymanthium
514 3913 754 3986 terribili,
782 3914 905 3972 hinc
933 3922 1111 3973 castro
1141 3930 1240 3973 suo
1279 3928 1478 3972 nomen
1512 3911 1836 3982 Ebersbergi
1879 3913 2112 3969 dedisse.
2183 3913 2318 3983 EJus

107 3983 254 4051 filium
287 3997 568 4060 lietoldum
596 4002 699 4059 sub
726 4003 971 4062 Conrado
1012 4017 1144 4075 rege
1182 4003 1447 4072 Hungaris
1486 4002 1772 4058 restitisse.
1844 4001 1964 4059 Hoc
1996 4003 2111 4059 nati
2141 4000 2320 4058 Eber-

107 4070 283 4140 harum
324 4087 415 4146 hio
456 4095 661 4162 noster,
703 4092 1003 4164 Hungarica
1042 4093 1268 4150 victoria
1312 4090 1507 4162 clarus,
1543 4093 1601 4147 et
1637 4088 1897 4146 Adalbero
1921 4090 2101 4162 frater,
2141 4092 2321 4160 gentis

107 4175 426 4244 promotor.
500 4180 839 4239 Eberhardus
867 4182 1042 4242 Orbus
1085 4181 1404 4238 coenobium
1429 4178 1874 4250 Ebersburgense
1902 4182 2109 4236 struxit.
2143 4176 2319 4235 Adel-

107 4247 294 4319 bssroue
320 4271 433 4324 uati
459 4268 738 4328 Udalricus
771 4275 827 4328 et
859 4270 1131 4328 Adelbero
1159 4268 1458 4340 secundus,
1497 4268 1842 4342 parthenonis
1882 4269 1939 4325 in
1978 4266 2319 4325 Kuhacheusi

107 4341 215 4400 rico
239 4350 308 4407 ad
332 4353 544 4414 Bar-ram
572 4373 781 4419 amnem
810 4360 1056 4418 conditor
1081 4359 1148 4416 ad
1175 4373 1224 4416 a.
1251 4355 1313 4416 D.
1343 4358 1500 4417 1⁰01.
1570 4355 1851 4415 Udalricus
1879 4371 1997 4414 cum
2026 4355 2190 4413 tratre
2217 4371 2317 4414 ae-

107 4427 214 4491 riom
230 4436 734 4523 Ebersbergcnsem,
761 4448 828 4509 ab
856 4447 1165 4510 Eberhardo
1188 4451 1379 4522 patruo
1407 4451 1667 4523 coeptam,
1686 4462 1719 4507 a
1743 4446 2011 4508 Friderico
2042 4444 2316 4505 salisbur-
2425 4431 2438 4440 ’
