2817 4959
489 283 575 351 28
1068 275 1604 347 Anninus
1665 273 2130 378 11113131111

241 459 310 526 A.
326 458 465 526 878.
631 456 716 513 19.
788 455 902 512 Rex
916 467 1044 511 vero
1063 455 1332 512 Bernardo
1352 453 1576 510 Gothiae
1600 451 1893 508 marchioni
1919 453 2102 523 iratus,
2130 451 2222 520 qui
2241 453 2500 507 evocatus
2527 452 2795 508 venire

490 550 865 614 contemserat,
891 543 1122 600 honores
1150 547 1270 611 ejus
1296 545 1354 598 in
1383 542 1770 599 Theodericum
1795 542 2142 598 camerarium
2169 543 2225 594 et
2251 537 2592 594 Bernardum
2623 540 2795 596 Ar-

487 649 771 692 vernorum
814 634 1080 690 rectorem
1124 633 1461 701 potissimum
1505 634 1731 701 partitus
1778 634 1879 685 est.
1908 705 1911 710 ,
1968 628 2230 684 Eversum
2273 626 2612 683 Bernardum
2677 641 2788 683 ex

489 723 715 793 quadam
734 721 1001 778 llincmari
1021 720 1251 792 epistola
1278 720 1628 789 intelligimus
1646 719 1787 789 apud
1803 716 2175 773 Frodoardum.
2220 717 2269 772 A
2285 714 2535 770 ,iohanne
2558 718 2786 773 etim

489 812 977 869 excommunicatus
1004 814 1093 866 est
1109 809 1425 879 Bernardus,
1454 807 1706 863 Bernardi
1728 811 1786 863 et
1811 805 2088 862 Belihildis
2117 804 2257 860 filius
2284 797 2364 874 'Cis
2383 804 2637 874 scilicet,
2675 806 2784 860 de

489 913 597 970 quo
616 901 833 970 agitur),
862 898 1005 969 qnod
1023 911 1129 953 nec
1156 897 1491 969 apostolicae
1508 896 1792 966 autoritati,
1817 906 1923 950 nec
1941 896 2128 963 regiae
2155 892 2467 948 sublimitati
2485 896 2776 949 vocatus

487 989 772 1060 paruisset,
812 1001 917 1044 nec
951 986 1223 1042 Brothario
1259 986 1528 1040 civitatem
1560 984 1946 1040 Bituricensem
1982 985 2304 1053 caeteraque
2337 986 2493 1053 rapta
2529 981 2767 1038 reddi-

490 1077 679 1147 disset,
714 1080 772 1133 et
792 1078 1093 1144 juramenta
1120 1072 1187 1130 ab
1216 1075 1334 1141 ejus
1361 1071 1664 1128 hominibus
1693 1072 2025 1128 extorsisset.

629 1165 713 1219 20.
788 1161 1104 1233 Compendii
1142 1162 1370 1217 reduces
1414 1161 1625 1229 legatos
1668 1175 1767 1216 rex
1809 1160 1991 1231 audiit,
2038 1172 2174 1229 quos
2220 1161 2289 1215 ad
2334 1157 2754 1214 consobrinum

485 1250 658 1323 Aquis
686 1251 848 1307 Grani
888 1255 1136 1320 agentem
1173 1252 1324 1319 pacis
1365 1262 1529 1305 causa
1563 1250 1797 1304 miserat.
1870 1249 2004 1305 lnde
2030 1246 2398 1304 Heristallium
2423 1248 2748 1317 processit.

486 1339 621 1414 'lfum
661 1338 917 1396 Ludovici
961 1338 1119 1395 ambo
1158 1341 1294 1409 ipsis
1333 1336 1587 1394 Kalendis
1628 1337 1944 1393 Novembris
2003 1336 2141 1408 apud
2182 1333 2448 1391 Uarenum
2489 1337 2550 1389 in
2597 1335 2747 1391 loco

485 1426 710 1484 Furonis
738 1427 882 1483 dicto
920 1429 1218 1500 congressi,
1259 1430 1485 1498 paterna
1513 1425 1737 1481 foedera
1757 1429 2094 1498 renovarunt,
2122 1427 2180 1481 et
2205 1424 2524 1481 divisionem
2562 1427 2748 1493 regui

487 1514 794 1572 Lotbariani
821 1518 1096 1586 pristinam
1122 1520 1288 1571 ratam
1315 1527 1534 1570 manere
1555 1517 1849 1582 jusserunt.
1911 1513 1993 1570 De
2020 1528 2185 1583 regno
2205 1512 2410 1584 ltaliae,
2438 1526 2560 1568 cum
2585 1511 2747 1568 nihil

487 1606 744 1660 constitui
770 1609 897 1660 tunc
924 1589 1129 1674 poss'et,
1180 1606 1410 1658 testatus
1441 1607 1527 1658 est
1554 1602 1761 1658 Galliae
1787 1616 1904 1674 rex,
1939 1616 2004 1659 se
2030 1607 2235 1672 partem
2263 1615 2415 1658 suam
2439 1605 2642 1672 petere
2675 1606 2749 1656 et

485 1694 774 1763 petiturum
797 1703 940 1748 esse.
1013 1691 1256 1762 capitula
1285 1693 1446 1746 etiam
1475 1689 1710 1746 foederis
1739 1694 1937 1762 extant,
1964 1692 2021 1747 in
2050 1690 2241 1761 quibus
2268 1693 2549 1759 superstes
2582 1690 2745 1745 alter

485 1779 708 1836 alterius
747 1778 949 1836 liberos
990 1782 1128 1836 tueri
1166 1780 1441 1850 promittit.
1517 1778 1653 1848 'Regi
1691 1777 2009 1836 Germaniae
2049 1779 2189 1834 filius
2228 1792 2366 1834 unus
2408 1777 2740 1834 attribuitur

482 1867 738 1937 parvulus
766 1867 1085 1923 Ludovicus.
1155 1867 1359 1923 Placuit
1386 1869 1566 1940 etiam,
1594 1871 1654 1925 ut
1680 1872 1921 1925 oratores
1951 1868 2018 1923 ad
2045 1865 2486 1942 Garolomannum
2514 1870 2574 1922 et
2603 1865 2737 1922 Ca-

486 1955 659 2011 rolum
685 1956 1037 2028 mitterentur,
1068 1955 1260 2027 quibus
1288 1956 1357 2011 ad
1387 1970 1719 2012 communem
1747 1969 2094 2026 congressum
2121 1959 2177 2011 in
2201 1955 2254 2011 8.
2282 1954 2359 2010 ld.
2386 1954 2538 2010 Febr.
2569 1956 2738 2011 invi-

483 2048 738 2101 tarentur.
826 2045 1067 2101 Furones
1117 2047 1322 2111 regiam
1372 2045 1572 2114 villam,
1629 2045 1686 2098 in
1731 2043 2027 2101 Heristallii
2073 2048 2129 2101 et
2170 2043 2415 2099 Homnae
2459 2043 2734 2117 confinio,

483 2130 720 2187 Hiraeus
757 2136 910 2188 notat
948 2135 1005 2187 in
1032 2129 1290 2200 Belgicis,
1331 2130 1518 2188 Latine
1545 2131 1735 2187 Forum
1763 2131 1987 2188 Comitis
2028 2132 2163 2199 dici3
2204 2145 2327 2187 nam
2366 2132 2446 2187 ibi
2486 2135 2732 2190 comites

483 2218 856 2275 Dalemienses
884 2220 1069 2275 sedem
1096 2218 1381 2287 babuisse3
1425 2223 1482 2274 et
1519 2233 1662 2275 nunc
1702 2233 1918 2290 quoque
1956 2219 2184 2276 tribunal
2212 2223 2517 2291 primarium
2543 2222 2727 2277 totius

486 2310 688 2362 tractus
716 2320 1022 2379 superesse,
1062 2310 1121 2362 in
1148 2307 1357 2363 Forone
1385 2307 1598 2363 scilicet
1636 2307 1926 2378 municipio
1954 2308 2147 2380 amplo,
2188 2309 2428 2365 secundo
2470 2309 2654 2379 lapide
2687 2325 2730 2368 a

488 2391 736 2462 Trajecto
764 2392 966 2465 Mosae,
1010 2396 1196 2465 quarto
1223 2407 1257 2450 a
1289 2393 1450 2450 Grani
1477 2393 1663 2465 Aquis.
1736 2393 2051 2451 Germanica
2080 2410 2181 2466 ego
2209 2396 2458 2452 milliaria
2483 2397 2727 2469 intelligi

484 2484 634 2553 puto.
704 2482 901 2539 Extare
928 2482 1005 2538 ibi
1030 2482 1206 2538 fossas
1226 2487 1283 2539 et
1310 2495 1552 2554 aggeres,
1581 2498 1701 2538 cum
1727 2483 2012 2540 ruderibus
2029 2483 2489 2542 fundamentorum
2507 2491 2724 2545 veteris

486 2570 703 2627 castelli
742 2573 798 2627 in
825 2571 983 2628 colle.
1057 2571 1207 2627 Haec
1246 2570 1313 2627 de
1354 2570 1495 2627 loco.
1567 2570 1798 2641 Tempus
1827 2574 1988 2627 etiam
2014 2572 2158 2628 male
2185 2571 2405 2629 exbibet
2427 2576 2718 2647 inscriptio

488 2659 872 2732 capitularium,
913 2672 1107 2715 annum
1146 2658 1281 2715 8⁷9:
1333 2659 1433 2715 sed
1471 2663 1623 2715 recte
1657 2660 2006 2716 indictionem
2033 2660 2118 2715 12.
2188 2659 2488 2717 Ludovicus
2517 2664 2724 2722 deinde

491 2745 680 2803 Gallus
719 2762 817 2819 per
855 2748 1195 2805 Arduennam
1236 2748 1304 2803 ad
1330 2746 1666 2816 Longlariam
1708 2749 1972 2821 pervenit,
2009 2748 2197 2818 ibique
2233 2750 2469 2806 natalem
2498 2751 2722 2812 Domini

490 2838 631 2907 egit3
671 2852 829 2908 quem
854 2836 1158 2893 Ludovicus
1186 2834 1504 2893 Germaniae
1530 2850 1626 2893 rex
1649 2835 1997 2908 Foracbemii,
2036 2851 2146 2892 non
2175 2837 2468 2908 Bamberga
2505 2843 2720 2916 procul,

489 2924 797 2998 celebravit,
827 2941 932 2997 quo
962 2926 1219 2983 festinare
1245 2940 1369 2982 eum
1396 2925 1577 2982 fratris
1603 2926 1821 2994 majoris
1847 2927 2002 2981 aucta
2026 2925 2336 2981 invaletudo
2355 2931 2557 2998 coegit:
2583 2943 2714 2988 nam

488 3014 549 3069 in
573 3014 840 3084 paralysin
862 3020 1109 3071 evaserat
1136 3016 1347 3072 malum.
1410 3014 1694 3084 Longlaria
1721 3013 1977 3085 palatium
2001 3014 2207 3083 regium
2227 3013 2342 3086 luit,
2369 3016 2530 3075 hodie
2549 3016 2714 3077 Glm

488 3101 654 3169 villa3
696 3104 913 3157 estnon
941 3103 1129 3172 procul
1157 3102 1211 3157 S.
1240 3102 1464 3158 liuberti
1490 3106 1816 3158 monasterio
1844 3105 1900 3159 in
1927 3103 2170 3160 dioecesi
2195 3101 2496 3160 Leodiensi.

629 3188 716 3245 21.
798 3187 1069 3246 lohannes
1109 3192 1317 3245 interea
1357 3203 1426 3245 ex
1465 3192 1658 3246 itinere
1699 3192 1767 3246 ad
1807 3189 1973 3247 Italos
2015 3190 2276 3264 scribens,
2320 3197 2474 3261 gesta
2508 3206 2601 3249 sna
2639 3194 2700 3253 iu

487 3276 662 3343 majus
690 3274 987 3333 attollebat.
1055 3276 1353 3334 Jobannem
1370 3278 1689 3348 Papiensem
1715 3280 2028 3350 episcopum
2055 3280 2124 3335 ad
2151 3292 2214 3335 se
2231 3281 2510 3338 Taurinum
2528 3286 2700 3357 vocat,

486 3361 755 3419 Ansberto
784 3363 1170 3422 Mediolanensi
1196 3364 1459 3422 diffidens.
1531 3365 1693 3422 Mittit
1716 3366 1945 3424 iohanni
1985 3368 2247 3424 curandas
2279 3367 2469 3427 literas
2494 3371 2558 3427 ad
2580 3370 2704 3427 Wi-

487 3448 686 3507 hodum
710 3453 1067 3526 Parmensem,
1106 3454 1324 3511 Paulum
1359 3455 1735 3527 Placentinum,
1771 3456 1988 3512 Paulum
2017 3456 2356 3529 Regiensein,
2396 3459 2704 3519 Liudoinum

487 3538 864 3614 Eutinensem,
903 3545 960 3599 in
1001 3543 1195 3614 quibus
1240 3542 1522 3616 significat,
1563 3558 1692 3602 sese
1728 3546 1782 3603 8.
1816 3545 1931 3602 Kal.
1972 3544 2103 3602 Dec.
2131 3545 2414 3604 Taurinum
2454 3551 2701 3619 venisse;

486 3631 752 3700 vocatque
779 3645 877 3688 eos
904 3631 1118 3703 Papiam
1145 3631 1210 3686 ad
1240 3633 1501 3703 synodum
1525 3632 1837 3693 habendam.
1909 3634 2235 3692 Ansbertum
2269 3637 2524 3708 increpat,
2561 3639 2702 3708 qnod

490 3717 639 3775 nulla
677 3721 735 3775 in
771 3733 833 3775 re
874 3721 1072 3776 auxilio
1115 3719 1276 3777 suerit
1314 3737 1411 3792 pro
1454 3723 1690 3779 ecclesia
1731 3727 1787 3780 et
1824 3722 1983 3780 Italia
2019 3723 2305 3781 laboranti.
2371 3724 2448 3780 Se
2485 3738 2609 3781 vero
2643 3730 2701 3785 in

486 3805 764 3863 Franciam
789 3812 1097 3866 venientem
1123 3824 1308 3879 regum
1334 3811 1494 3884 filios,
1534 3815 1724 3884 partim
1750 3812 1874 3869 viva
1899 3825 2052 3885 voce,
2093 3815 2283 3884 partim
2320 3827 2420 3884 per
2446 3816 2696 3885 epistolas
2779 3833 2795 3892 ς

484 3897 809 3967 nuntiosque
828 3898 1203 3971 compellasse,
1231 3904 1513 3969 utrumqne
1531 3899 1872 3975 Ludovicum,
1891 3901 2331 3958 carolomannum
2352 3907 2407 3958 et
2427 3902 2695 3976 Carolum3

484 3981 592 4039 boc
618 3986 831 4055 quidem
849 4001 993 4060 vere,
1022 3989 1125 4044 etsi
1150 4000 1328 4059 neque
1347 3988 1607 4060 epistolas
1634 3989 1717 4045 illi
1741 4004 1920 4061 neque
1946 3990 2157 4061 legatos
2177 3992 2543 4048 remisissent:
2567 3992 2695 4050 illud

486 4085 558 4129 ex
573 4074 805 4146 ingenio,
825 4081 1091 4135 communi
1111 4091 1295 4134 eorum
1315 4077 1543 4134 consilio
1563 4078 1830 4136 Bosonem
1860 4078 2147 4148 gloriosum
2174 4082 2472 4152 principem
2497 4083 2692 4138 itineris

486 4160 594 4216 sibi
622 4166 871 4220 comitem
906 4165 1099 4235 datum,
1139 4167 1314 4223 donec
1341 4167 1408 4222 ad
1435 4167 1630 4224 Urbem
1657 4171 2015 4237 pervenisset.
2084 4169 2554 4241 Archiepiscopum
2579 4184 2692 4227 cum

391 4283 397 4292 ·
486 4248 836 4326 suffraganeis
866 4252 968 4309 sibi
996 4253 1190 4324 Papiae
1218 4254 1387 4311 altera
1416 4256 1505 4312 die
1540 4270 1573 4312 a
1599 4254 1740 4311 festo
1768 4256 1824 4312 S.
1851 4258 2099 4315 Andreae
2140 4259 2337 4316 adesse
2371 4258 2538 4329 jubet.
2601 4258 2692 4315 Si-

486 4337 636 4395 milia
661 4338 921 4396 habentur
945 4343 1002 4397 in
1028 4342 1262 4411 epistola
1289 4344 1356 4399 ad
1381 4343 1762 4415 Berengarium
1788 4344 2082 4416 gloriosum
2120 4351 2369 4405 comitem
2411 4361 2691 4418 omnesque

484 4423 953 4500 bombardorum
974 4431 1260 4504 optimates
1287 4432 1558 4505 inscripta.
1604 4433 1764 4492 Addit
1786 4447 1988 4511 regern,
2012 4437 2350 4511 imperatoris
2377 4436 2553 4510 tilium,
2576 4437 2686 4494 solo
