2817 4959
608 369 1146 478 Attuli-,iis
1211 381 1677 483 inritati
2126 387 2261 488 3⁵²5

26 580 189 654 gafio,
231 580 434 638 suroris
473 581 680 654 marito,
725 585 780 639 et
817 583 925 655 vix,
965 579 1336 668 intercedente
1375 583 1542 644 fratre
1582 575 1881 659 Rage'nario
1927 590 2254 666 obsidesque
2280 596 2347 668 Α,
2364 596 2504 668 924,

26 673 201 745 dante,
231 669 540 729 ’dimittunt
595 670 852 729 Redditus
878 670 1129 748 libertati,
1170 678 1451 748 utriusque
1480 665 1736 733 ethaaci
1755 681 1972 737 'comitis
2000 681 2260 741 Camera-
2354 709 2363 712 ·

26 761 206 818 sensis
231 765 409 816 terras
425 764 641 817 vastat:
681 765 793 817 tum
820 759 1050 818 liudolfo
1080 769 1143 821 se
1169 775 1377 836 suaque
1411 780 1511 837 per
1535 761 1747 834 legatos
1775 764 1959 837 οπως
2003 772 2095 841 qui
2124 787 2261 830 con-

26 850 150 905 silio
178 851 487 922 amicorum,
527 848 935 908 instabilitatem
962 855 1082 921 ejus
1123 863 1368 928 perosus,
1406 854 1677 912 homiuem
1717 855 1939 928 reiecit3
1981 859 2161 931 credo,
2186 874 2259 920 ne

26 941 293 994 amitteret
322 942 442 1008 ejus
464 935 671 995 hostes.
725 937 1108 1011 Beren‘garium
1126 941 1420 999 Butk'enius
1450 940 1580 999 facit
1608 946 1860 1002 comitem
1886 945 2260 1006 Lummensem

26 1026 109 1083 rel
138 1026 575 1099 mmm-oensem,
602 1031 861 1098 notatque
890 1044 959 1086 ex
976 1031 1087 1086 vita
1106 1030 1326 1089 Gerardi
1352 1032 1562 1089 abbatis
1592 1036 1647 1090 et
1674 1032 1971 1091 fundatoris
1994 1036 2258 1094 Bronien-

26 1117 115 1188 sis,
155 1115 283 1172 huic
311 1124 596 1187 cognatum
625 1120 681 1174 et
708 1111 1025 1175 l'a'miliarem
1066 1119 1257 1179 fuisse.
1318 1118 1386 1176 Et
1415 1126 1737 1179 memoratur
1771 1125 1827 1180 in
1856 1123 2261 1183 confirmatione

26 1203 368 1278 fundationis,
409 1205 476 1263 ab
506 1205 737 1263 He‘nrico
765 1213 894 1277 re'ge
925 1222 1189 1265 concessa
1216 1224 1264 1266 a.
1284 1207 1344 1264 D.
1368 1209 1472 1267 932
1488 1225 1503 1278 ;
1546 1215 1602 1267 et
1630 1211 1795 1268 multo
1825 1216 1951 1269 ante
1990 1214 2069 1283 (si
2099 1213 2257 1270 modo

26 1295 197 1364 idern)
247 1297 406 1351 testis
448 1298 629 1352 estin
667 1295 957 1369 praecepto
999 1297 1272 1372 Ludovici‚
1326 1299 1453 1356 dato
1495 1297 1663 1371 Aquis
1707 1301 1756 1357 5.
1784 1297 1901 1356 Kal.
1943 1299 2101 1358 Febr.
2131 1299 2256 1361 908.

26 1383 254 1456 Utraque
296 1381 477 1440 charta
518 1388 664 1441 extat
704 1387 762 1444 in
786 1385 987 1443 Notitia
1013 1384 1229 1445 miraei:
1270 1401 1377 1445 nee
1418 1385 1705 1446 absurdum
1744 1387 1910 1447 l'u‘erit
1942 1389 2253 1461 Berengar'ii

26 1474 162 1544 regis
179 1465 354 1530 'fratre
383 1473 621 1542 genitum
649 1471 837 1530 inisse.
1265 1546 1272 1556 τ
1322 1549 1328 1558 .

158 1563 246 1619 23.
318 1560 432 1618 Rex
459 1562 670 1635 deinde,
699 1559 897 1634 placito
919 1562 1171 1621 Attiniaci
1197 1559 1396 1639 habito,
1420 1573 1539 1623 cum
1561 1566 1958 1639 expeditionem
1976 1568 2033 1623 in
2053 1567 2256 1625 Letha-

26 1650 228 1707 rienses
269 1653 497 1722 pararet,
539 1654 688 1720 gravi
728 1652 916 1708 morbo
959 1655 1204 1726 primum,
1246 1653 1441 1712 deinde
1479 1655 1534 1711 vi
1575 1656 1812 1713 recidiva
1853 1671 2146 1730 oppressus
2189 1672 2254 1713 ac

26 1740 353 1812 desperatus,
374 1740 569 1795 Remos
587 1733 658 1820 se·
675 1741 873 1797 deferri
888 1741 1070 1810 jubet3
1102 1740 1383 1798 thesauros
1410 1757 1510 1816 per
1524 1743 1781 1801 Franciae
1810 1746 2254 1816 Burgundiaeque

26 1829 343 1884 monasteria
371 1831 589 1900 spargit.
651 1825 944 1887 Rec'reatus
985 1831 1216 1902 tandem,
1257 1833 1383 1902 post
1415 1836 1620 1888 mensis
1661 1833 1800 1906 apud
1828 1833 2022 1890 Remos
2052 1850 2253 1891 moram

26 1915 369 1987 Burgundiam
394 1921 610 1990 repetit.
663 1917 797 1975 Dum
825 1921 1034 1980 interea
1064 1917 1400 1976 Gi'selbertus
1431 1924 1488 1976 et
1512 1917 1841 1991 Ragenari‘us
1869 1919 2081 1993 fratres,
2108 1922 2253 1978 Boso

26 2007 164 2077 item,
185 2011 353 2077 'quem
379 2009 524 2086 regis
553 2006 772 2064 fratrem
802 2011 947 2081 puto,
981 2015 1036 2065 et
1064 2007 1191 2065 Otto
1219 2012 1320 2081 (an
1340 2010 1548 2066 Ricuini
1576 2008 1735 2082 iilius,
1764 2021 1921 2080 quem
1935 2009 2079 2066 Boso
2101 2012 2255 2068 occi-

26 2091 200 2163 derat)
230 2094 446 2176 infestis
474 2097 665 2151 animis
695 2097 1088 2154 conflictantur:
1130 2096 1440 2170 abususque
1467 2097 1870 2169 'perturbatione
1895 2111 2069 2155 rerum
2096 2098 2253 2156 isaac

26 2198 200 2241 comes
244 2184 524 2239 castellum
553 2185 807 2257 Stephani
836 2175 1245 2243 Cameracensis
1285 2187 1531 2260 episcopi
1573 2186 1698 2243 dolo
1737 2191 1880 2258 capit
1917 2194 1971 2244 et
1997 2187 2251 2245 incendit.

26 2265 197 2329 l'urris
225 2272 292 2327 ad
317 2269 616 2329 Matronain
643 2274 698 2329 in
729 2279 905 2330 castro
927 2273 989 2331 ⁴3.
1019 2274 1350 2348 Theoderici,
1380 2275 1472 2333 ubi
1492 2275 1815 2350 ‚Heribertus
1848 2276 2097 2333 Carolum
2127 2291 2252 2333 ser-

26 2360 195 2432 vabat,
222 2360 440 2417 fortuito
467 2363 720 2418 incendio
751 2363 1055 2432 conflagrat.
1101 2363 1458 2434 ‚Ragenoldus
1484 2363 1838 2438 NormannuS,
1868 2380 1988 2421 cum
2015 2365 2249 2421 nondum

26 2455 283 2521 speratam
307 2453 584 2520 regionem
625 2452 945 2523 accepisset,
986 2453 1242 2508 ditionem
1267 2453 1509 2522 lingonis
1546 2452 1780 2510 lieberto
1821 2454 1933 2511 nati
1973 2454 2115 2510 iuter
2140 2453 2248 2511 Se·

26 2551 240 2610 quanam
279 2543 339 2595 'et
377 2538 606 2609 Ligerim
633 2544 833 2596 vastat.
891 2540 953 2598 ln
980 2541 1185 2612 synodo
1215 2539 1544 2613 Troslejana,
1584 2540 1805 2597 Octobri
1835 2554 2022 2598 mense
2048 2541 2245 2614 habita,
2292 2579 2297 2586 -

26 2626 234 2684 Seulfns
274 2626 519 2684 isaacum
563 2632 812 2685 comitem
854 2629 920 2685 ad
962 2632 1382 2686 satisfactionem
1426 2629 1608 2703 adigit,
1652 2632 1899 2686 cautione
1928 2630 2078 2700 pacis
2108 2631 2244 2686 data.

26 2715 130 2771 Rex
155 2709 389 2772 flentem
416 2717 471 2774 S.
496 2715 755 2774 ¹iohannis
784 2719 990 2791 recipit,
1034 2722 1089 2774 et
1116 2722 1171 2774 in
1197 2717 1471 2774 Franciam
1506 2717 1661 2773 redit.
1726 2717 2043 2775 wilhelmus
2069 2719 2245 2788 Aqui-

27 2819 172 2861 ,anus
213 2809 268 2862 et
305 2805 459 2874 Hugo
511 2805 654 2863 filius
695 2806 914 2863 Roberti
966 2808 1224 2880 privatam
1282 2821 1400 2863 cum
1443 2805 1750 2876 Ragenoldo
1794 2819 1983 2877 pacem
2025 2805 2241 2863 iaciunt.

26 2894 110 2950 ilic
139 2895 196 2950 in
225 2894 574 2963 Burgundiam
602 2893 937 2952 Normannos
968 2896 1128 2964 ducit,
1169 2906 1305 2965 quos
1346 2900 1529 2968 putem
1570 2907 1707 2965 pace
1734 2906 1938 2964 nupera
1966 2909 2084 2950 cum
2113 2908 2244 2952 cae-

27 2988 140 3040 eris
170 2983 455 3055 Sequanae
483 2985 686 3040 accolis
715 2998 822 3040 non
851 2981 1289 3054 comprehensos.

150 3069 237 3128 24.
309 3069 601 3141 Majoribus
641 3073 795 3128 Italia
835 3072 990 3128 malis
1031 3071 1327 3129 laborabat.
1382 3070 1616 3141 Hungari
1658 3070 1819 3127 ductu
1859 3071 2168 3142 Berengarii
2208 3073 2241 3129 a

26 3163 120 3215 tuis
149 3160 309 3232 pulsi,
350 3159 773 3230 Longobardiam
802 3162 1138 3232 populantur.
1193 3157 1272 3216 Ita
1299 3159 1649 3232 Frodoardus,
1680 3163 1766 3216 cui
1794 3163 1964 3231 magis
1994 3161 2155 3218 credo
2182 3162 2240 3218 in

26 3251 140 3319 psis
168 3262 345 3305 rerum
373 3248 611 3306 articulis
640 3250 898 3305 scribenti
934 3265 1092 3321 qnam
1122 3247 1460 3322 Luitprando,
1507 3251 1598 3319 qui
1626 3247 1877 3307 defuncto
1907 3265 2002 3307 eos
2030 3249 2239 3308 Beren-

26 3339 154 3404 :ario
184 3338 397 3394 demum
425 3338 647 3395 Salardo
677 3336 812 3394 duce
840 3339 1107 3408 ingruisse
1128 3339 1302 3394 tradit.
1342 3335 1575 3408 Hungari
1598 3352 1723 3409 ergo
1752 3339 1961 3395 ltaliam
1987 3341 2235 3412 ingressi,

26 3429 55 3481 ti
87 3425 306 3496 Sigonio
335 3426 488 3499 fides,
515 3427 797 3500 Mantuam,
825 3429 1071 3501 Brixiam,
1100 3428 1416 3498 Bergomum
1436 3426 1703 3498 diripiunt.
1737 3427 1816 3484 De
1834 3425 1998 3500 Papia
2028 3441 2234 3499 eversa,

25 3513 140 3570 urbe
167 3516 583 3587 populosissima
611 3520 667 3573 et
695 3515 1118 3588 opulentissima,
1156 3530 1342 3572 omnes
1372 3519 1730 3574 consentiunt.
1793 3515 2018 3572 Primum
2044 3515 2233 3571 hostes

24 3602 197 3660 leiixis
225 3607 282 3660 in
308 3620 491 3675 gyrum
518 3606 782 3675 tentoriiS‚
824 3607 1023 3661 exitum
1066 3603 1273 3660 civibus
1314 3605 1702 3673 intercludunt;
1750 3609 1858 3660 tum
1889 3609 2076 3675 quarto
2105 3603 2232 3659 Idus

26 3692 178 3748 dartii
206 3693 419 3750 flantem
447 3697 642 3750 acriter
667 3698 885 3751 ventum
911 3695 1073 3766 nacti,
1113 3696 1290 3764 ignem
1319 3694 1577 3765 injiciunt,
1608 3692 1989 3762 attingentibus
2019 3696 2231 3749 moenia

29 3784 192 3850 ectis;
229 3782 375 3839 unde
415 3783 523 3839 late
553 3787 893 3854 propagatus,
940 3787 1104 3839 totam
1131 3782 1316 3839 urbem
1343 3795 1453 3839 uno
1482 3783 1730 3839 incendio
1762 3780 2001 3838 invoivit.
2066 3781 2228 3838 Cives

26 3872 220 3940 [ncipiti
259 3871 401 3926 malo
442 3877 683 3943 pereunt,
737 3875 879 3928 inter
922 3871 1116 3928 ferrum
1158 3872 1508 3944 flammasque
1548 3873 1723 3927 divisi.
1793 3869 2075 3925 Ecclesiae
2117 3874 2226 3926 tres

27 3973 160 4029 upra
188 3958 538 4031 quadraginta
563 3974 861 4019 succensae
904 3965 1055 4017 sunt:
1097 3961 1245 4018 urbis
1274 3964 1564 4032 episcopus
1594 3975 1711 4016 curn
1739 3957 2073 4015 Vercellensi
2103 3959 2228 4029 igne

26 4049 215 4105 umore
254 4055 509 4116 necatur-3
554 4050 849 4106 immensae
891 4064 1024 4121 opes
1066 4045 1298 4123 periere}
1363 4050 1481 4107 Nec
1520 4054 1699 4105 tamen
1739 4047 1867 4105 urbs
1910 4051 2065 4120 capta
2110 4052 2224 4114 est;

27 4137 189 4207 eliqui
217 4139 376 4209 pauci
404 4151 473 4194 ex
503 4138 772 4195 cineribus
800 4138 1060 4196 collectos
1090 4146 1212 4196 octo
1241 4142 1448 4209 argenti
1476 4137 1684 4195 modios
1723 4135 1968 4194 hostibus
1997 4140 2223 4208 mittunt,

27 4225 154 4281 itam
184 4227 480 4298 urbemque
504 4242 727 4283 vacuam
755 4228 1037 4286 redimunt.

129 4315 219 4370 25.
293 4313 531 4385 Huugari
571 4317 704 4373 mira
745 4318 967 4373 audacia
1007 4332 1105 4388 per
1143 4318 1430 4389 praerupta
1460 4315 1669 4386 Alpium
1705 4317 1761 4373 in
1789 4314 2015 4374 Galliam
2043 4321 2221 4371 trans-

28 4404 275 4459 cendunt.
315 4403 574 4461 Rndoll'us
594 4404 783 4462 ltaliae
801 4407 1243 4478 Burgundiaeque
1265 4420 1360 4462 rex
1387 4412 1444 4463 et
1469 4405 1620 4476 Hugo
1646 4406 1958 4463 Provinciae
1984 4401 2218 4460 marchio

31 4498 292 4565 ocurrunt,
319 4491 623 4565 frustraque
648 4498 752 4552 iter
779 4496 1137 4552 intercludere
1154 4499 1376 4553 tentant.
1410 4491 1628 4554 Barbari
1648 4497 1922 4568 inopinato
1946 4508 2045 4564 per
2061 4493 2219 4548 devia

27 4583 181 4639 tontis
209 4584 460 4654 evadunt,
490 4589 547 4642 et
575 4585 889 4643 transmisso
917 4586 1037 4657 ipso
1063 4583 1318 4645 Rhodano
1346 4588 1455 4659 (ita
1481 4599 1713 4646 necesse
1742 4586 1857 4655 est)
1888 4585 1944 4642 in
1973 4578 2212 4637 Gothiam'

1653 4693 1792 4762 23²³
