2817 4959
446 333 577 400 428
1026 329 2084 398 ANNAnsss-iupssnli

200 507 262 573 Α.
285 505 422 579 83,
447 509 622 565 stinae
661 507 840 576 gentis
879 503 1102 573 gloriae-
1129 506 1518 575 meminissent,
1563 506 1651 559 eui
1694 508 1776 560 tot
1820 505 1960 562 aliae
2003 504 2307 577 subessent,
2356 519 2479 562 nec
2528 510 2703 562 sociis

439 594 732 653 victoribus
751 593 1040 651 interiores
1063 591 1249 648 baberi
1270 592 1491 663 vellent,
1520 592 1840 662 hostemque
1851 596 1963 661 jam
1981 593 2285 664 perculsum
2307 594 2701 667 debellantes,

443 690 704 758 perpetuo
731 682 997 740 beneficio
1014 711 1020 728 ι
1038 683 1259 752 patriam
1288 681 1702 753 demererentur,
1742 680 1900 737 simul
1927 682 2298 738 incredibilem
2328 685 2703 754 pop-iariu-

445 767 1515 843 captivommnltitudineu-ltherareut,
1558 770 1648 840 qui
1675 772 1730 824 in
1758 772 2106 825 miserrimam
2134 772 2466 827 servitutem
2504 773 2704 828 trabe-

441 863 639 918 rentur.
710 860 990 917 fertur-et
1028 861 1155 915 voto
1197 869 1263 913 se
1302 858 1592 930 obligasse,
1637 860 1687 912 si
1729 860 2007 914 victoriam
2051 860 2202 915 daret
2247 860 2416 930 Deus,
2477 862 2699 916 nulla-

443 963 714 1005 sacrorum
741 947 1041 1004 officiorum
1066 948 1501 1003 nundinationem
1526 949 1583 1002 in
1611 959 1775 1015 regno
1804 946 2087 1002 toleratum
2114 949 2195 1002 iri.
2250 948 2313 1003 la
2344 950 2543 1005 oculis
2575 933 2699 1005 eni

442 1037 683 1109 angelus,
738 1039 1041 1108 primarium
1098 1038 1304 1105 siguum
1348 1037 1487 1105 regii
1532 1037 1815 1105 exercitus,
1874 1035 1929 1089 id
1974 1040 2059 1091 est
2102 1035 2330 1092 michael
2378 1038 2695 1094 dracone-

437 1125 670 1199 pedibns
709 1126 1008 1195 subjectum
1051 1129 1247 1195 terens,
1287 1124 1432 1180 unde
1472 1123 1641 1180 divini
1675 1123 1861 1179 auxilii
1900 1124 2096 1179 milites
2138 1127 2193 1179 in
2229 1140 2385 1195 spem
2412 1127 2693 1182 vincendi

442 1214 866 1271 admonerentur.
937 1213 1085 1270 idem
1130 1214 1339 1284 signum
1385 1213 1569 1270 Ottoai
1606 1212 1675 1269 H.
1716 1215 1772 1269 in
1821 1210 1928 1269 alio
1978 1226 2098 1269 cum
2138 1213 2402 1283 [iungaris
2462 1216 2691 1287 praelio

438 1303 734 1374 praelatum
765 1308 865 1360 est.
1802 1276 1837 1338 f

583 1392 667 1450 19.
739 1393 1056 1450 witikindus
1098 1398 1155 1451 et
1180 1393 1530 1466 Luitpraudus
1556 1397 1647 1450 vix
1674 1393 1996 1463 aliosquam
2018 1392 2259 1448 Saxones
2288 1396 2344 1446 et
2364 1390 2687 1461 Thur-lagos

438 1483 496 1536 in
522 1481 737 1537 Hearici
766 1484 1002 1538 exercitu
1029 1497 1328 1550 agnoscere
1355 1483 1613 1552 videntur,
1652 1483 1982 1538 recentiores
2012 1481 2224 1551 quidam
2260 1479 2421 1535 nobis
2440 1481 2683 1539 ‚multos

441 1581 508 1625 ex
535 1567 850 1625 Germaniae
876 1572 1165 1639 provinciis
1193 1570 1358 1624 duces
1387 1571 1719 1640 comitesque
1760 1575 1816 1626 et
1848 1570 2101 1640 dynastas
2128 1571 2293 1624 etiam
2319 1581 2421 1638 per
2444 1573 2681 1626 nomin

440 1659 632 1724 oitant;
675 1669 743 1712 ex
767 1659 983 1726 iugenio
1013 1663 1067 1711 et
1094 1658 1208 1713 fere
1235 1660 1436 1728 inepte,
1477 1657 1833 1713 demerendae
1868 1671 1964 1727 per
1987 1671 2159 1725 nugas
2184 1656 2476 1713 illustrium
2510 1659 2679 1713 fani·

436 1744 626 1800 liarum
653 1747 870 1817 gratiae,
913 1758 1132 1814 quorum
1175 1748 1425 1816 majores,
1466 1757 1601 1815 quos
1643 1748 1768 1814 post
1792 1746 2069 1799 victoriam
2096 1749 2473 1801 torneamento
2508 1749 2681 1802 etiam

437 1835 520 1905 (si
537 1834 835 1903 eredimus)
855 1831 1266 1902 Magdehurgico
1285 1835 1644 1888 intervenisse
1661 1830 1869 1888 volunt:
1892 1831 2043 1887 unde-
2055 1836 2275 1887 materia
2294 1833 2689 1890 adulatoribus

437 1921 870 1992 genealogiarum
905 1923 1204 1994 postisque,
1241 1923 1479 1992 aucupio
1496 1921 1637 1990 apud
1665 1919 2029 1987 intelligentes
2055 1934 2163 1975 nen
2191 1918 2489 1991 profuturo.
2557 1922 2697 1994 Ege·

437 2026 508 2068 ex
533 2010 810 2082 plerisque
837 2008 1154 2066 Germaniae
1193 2008 1407 2081 populis
1449 2008 1647 2064 auxilia
1673 2007 1907 2079 affuisse,
1947 2007 2179 2063 libenter
2204 2008 2517 2065 Frodoardo
2547 2025 2679 2067 cre-

439 2098 679 2169 diderim,
708 2099 798 2169 qui
827 2098 1101 2168 Bajoarios
1128 2099 1436 2154 nominatim
1464 2097 1708 2162 adducit3
1751 2109 1930 2166 neque
1956 2097 2238 2151 Hem-icum
2268 2095 2465 2152 frustra
2492 2111 2675 2170 supe-

435 2187 631 2244 riorem
662 2185 992 2243 Germaniam
1034 2200 1203 2257 nuper
1244 2186 1445 2242 adisse.-
1516 2185 1627 2240 Sed
1660 2198 1784 2241 nonf
1797 2187 1882 2240 est
1907 2197 2157 2255 neeesse,
2192 2186 2436 2242 in=unam
2464 2186 2691 2242 auxilia·

438 2276 666 2340 coiisse;
707 2273 889 2331 ‘multis
917 2289 1015 2346 per
1042 2277 1302 2330 stationes
1332 2274 1627 2344 dispositis,
1654 2286 1761 2342 qua
1787 2265 1959 2328 bostis
1988 2274 2281 2344 irrupturus
2310 2263 2691 2346 credebatur-3-

437 2365 598 2421 robur
635 2363 821 2419 militis
861 2364 1078 2433 nuperis
1119 2362 1277 2420 bellis
1320 2365 1549 2432 spectati
1589 2375 1657 2418 ex
1693 2360 1997 2419 saxonibus
2039 2363 2268 2419 maxime
2282 2367 2355 2420 et
2379 2362 2671 2435 Thuringis

437 2465 620 2523 regem
646 2466 832 2510 secum
862 2451 1136 2523 babuisse,
1158 2452 1450 2521 putandum
1479 2454 1580 2506 est.

579 2541 663 2597 20.
735 2539 1087 2612 Luitprandus
1129 2539 1290 2610 addit,
1319 2541 1616 2596 ‘ilenricum
1657 2546 1947 2613 praecepta
1986 2542 2254 2613 pugnandi
2283 2541 2502 2599 dedisse
2531 2545 2663 2600 suis.

438 2629 1143 2701 Cumque-bostes‘maxima
1171 2628 1410 2699 agilitate
1439 2633 1495 2685 et
1533 2631 1818 2699 sagittandi
1859 2637 1973 2687 arte
2011 2631 2269 2703 valerent,
2309 2635 2485 2688 vetuit
2513 2635 2681 2689 exire

439 2719 713 2777 ordinibus
741 2731 1061 2791 quenquam,
1089 2724 1144 2775 et
1171 2717 1259 2774 vel
1289 2720 1345 2774 in
1371 2718 1512 2775 latus
1540 2722 1738 2791 vagari,
1767 2720 1854 2776 vel
1883 2722 2094 2790 praetre
2121 2725 2272 2776 extra
2299 2720 2533 2792 liaeam;
2561 2722 2667 2778 sed

439 2814 690 2867 conserta
709 2810 827 2865 acie
846 2808 1068 2879 clypeos
1093 2809 1257 2880 jungi,
1295 2810 1516 2878 primam
1543 2811 1851 2876 sagittarum
1878 2807 2074 2863 nubem
2103 2810 2297 2878 excipi,
2327 2811 2437 2863 tum
2464 2808 2659 2880 subito,

438 2901 702 2955 communi
729 2902 892 2970 motu,
918 2903 1032 2955 tota
1058 2898 1199 2955 mole
1226 2899 1425 2968 proteri
1452 2897 1725 2969 adversos,
1753 2899 1927 2967 spatio
1952 2896 2018 2952 ad
2038 2911 2229 2953 novam
2253 2897 2660 2965 ejaculationen

437 3000 546 3042 non
573 2988 714 3043 dato.
778 2988 847 3041 Et
873 3001 943 3042 ne
969 2986 1157 3042 hostes
1185 2985 1581 3056 equitatuagili
1608 2989 1849 3041 instructi
1877 2998 2241 3057 sese‘pugnae
2270 2984 2656 3058 subtraherent,

439 3078 557 3131 viso
584 3077 761 3144 gravis
789 3077 1088 3129 armaturae
1114 3073 1298 3144 milite,
1326 3088 1487 3144 quem
1511 3078 1736 3130 maxime
1755 3073 2122 3145 formidabant,
2144 3075 2412 3144 legionem
2435 3075 2656 3132 Thuria-

437 3178 620 3233 gorum
649 3177 767 3217 cum
793 3161 1065 3232 velitibus,
1094 3164 1248 3232 queis
1275 3177 1477 3233 paucos
1505 3163 1776 3219 hastatis*
1803 3165 2101 3235 miscuerat,
2127 3161 2341 3218 bostem
2369 3162 2651 3232 lacessere,-

438 3256 494 3308 et
511 3250 713 3321 praelio
734 3248 946 3318 illigare
958 3251 1135 3319 jussit.
1192 3249 1437 3320 Clamore
1459 3265 1586 3320 ergo
1606 3250 1834 3323 sublato,
1865 3266 1982 3306 cum
2013 3252 2275 3307 harditum
2302 3250 2649 3322 barbarorum,

436 3340 543 3410 bui,
570 3340 677 3409 leui,
703 3339 976 3394 incondita
1000 3354 1125 3410 vox,
1153 3339 1415 3412 impleret,
1454 3341 1627 3396 nostri
1656 3339 1825 3394 Deum
1851 3343 1904 3394 in
1933 3345 2058 3395 vota
2084 3344 2361 3410 vocarent,
2402 3344 2664 3396 acerrime

439 3441 756 3483 concursum
800 3433 902 3483 est.
984 3428 1093 3485 Sed
1138 3428 1368 3485 hostium
1414 3431 1643 3498 sagittae
1686 3425 1804 3484 fere
1846 3429 2033 3485 irritae
2074 3428 2343 3500 cecidere,
2391 3433 2449 3485 at
2490 3430 2651 3486 nosti

437 3514 717 3574 celerrima
744 3518 1101 3588 impressione
1141 3533 1254 3575 rem
1284 3519 1351 3575 ad
1377 3530 1565 3573 manus
1593 3516 1878 3589 deduxere,
1921 3522 1981 3573 ut
2014 3518 2257 3573 cominus
2299 3519 2415 3586 geri
2455 3523 2650 3587 posset.

437 3604 517 3661 Ita
543 3607 715 3677 equis,
743 3605 1072 3676 corporibus,
1114 3608 1274 3662 armis
1311 3607 1542 3676 denique
1570 3605 1876 3678 validiora,
1918 3606 2109 3663 obvies
2146 3604 2320 3664 hastis
2359 3607 2665 3679 gladiisque·

440 3694 739 3750 metebant:
776 3708 954 3765 neque
982 3695 1185 3751 illi-diu
1213 3700 1408 3751 tantam
1438 3696 1544 3750 vim
1572 3694 1762 3751 tulere.

579 3782 665 3838 21.
737 3783 837 3839 Hic
861 3784 1184 3841 witikindus
1210 3786 1264 3841 et
1289 3782 1641 3853 Luitpraudus
1668 3783 1948 3839 divortium
1979 3782 2208 3840 iaciunt:
2246 3784 2344 3839 ille
2371 3783 2646 3855 plerosque

436 3869 566 3940 fuga
592 3873 852 3943 evasisse,
891 3873 981 3928 liic
1019 3887 1219 3944 paucos
1257 3873 1481 3944 elapsos
1503 3872 1709 3928 scribit.
1781 3871 2130 3928 Continuator
2170 3872 2483 3942 Reginonis,
2522 3875 2648 3930 Her-

439 3972 664 4015 maanus
702 3960 1030 4033 Contractus,
1059 3960 1488 4032 chronographus
1507 3960 1648 4017 Saxo
1676 3975 1919 4029 magnam
1945 3959 2177 4016 bostium
2205 3966 2441 4032 stragem
2468 3962 2646 4018 factam

440 4048 692 4104 scribunt.
766 4048 1042 4105 witikindi
1087 4051 1251 4107 verba
1293 4064 1397 4107 uec
1443 4050 1588 4107 clara
1629 4064 1736 4107 nec
1774 4049 1971 4106 Latina·
1990 4055 2129 4121 suut,
2174 4052 2228 4105 ia
2276 4048 2403 4120 fuga
2438 4053 2642 4123 peracto

438 4138 677 4192 miffar-io
717 4148 909 4192 caesos
935 4140 1196 4207 quosdam
1225 4143 1316 4196 aut
1343 4145 1559 4211 captos:
1609 4138 2034 4196 emendationem
2052 4137 2329 4194 annalista
2354 4141 2537 4194 noster
2559 4139 2641 4193 in-

441 4224 617 4280 editus
645 4225 967 4297 suppeditat,
1009 4228 1099 4298 qui
1129 4243 1231 4297 per
1261 4233 1387 4283 octo
1420 4230 1661 4283 amieria
1684 4228 1834 4297 legit.
1906 4228 2022 4282 Hoc
2058 4225 2343 4297 aliquando
2373 4226 2440 4281 ad
2466 4239 2636 4281 novam

441 4313 714 4372 witikindi
736 4313 1024 4369 editionem
1041 4318 1217 4371 notari
1233 4316 1539 4373 merebitur.
1589 4316 1703 4386 Ego
1722 4317 1928 4386 ingenti
1947 4316 2117 4372 caedo
2143 4318 2444 4386 prostratos
2455 4313 2634 4384 judico,

439 4401 1068 4474 Frodoardi·testimonio‚
1096 4406 1188 4473 qui
1214 4407 1470 4474 temporis
1497 4406 1740 4473 ejusdem
1768 4407 2014 4475 scriptor,
2040 4410 2098 4461 et
2114 4417 2274 4476 quem
2292 4417 2395 4461 suo
2412 4413 2636 4475 quaeque

545 4507 597 4556 ⁶)
626 4508 690 4549 ita
715 4517 773 4550 eo
797 4516 911 4551 em.
939 4507 1087 4551 betta.
1102 4519 1119 4560 ,-
1144 4505 1294 4560 fuerat
1319 4508 1545 4563 hastatos,
1574 4513 1683 4566 qaod
1706 4512 1958 4556 Emer-das
1985 4514 2185 4558 metuit.
