2817 4959
477 335 610 403 m
1053 327 1587 454 ArtNALEs
1659 329 2117 400 IMPERII

231 519 300 587 A,
319 518 456 589 930,
482 523 702 568 uxorem
739 511 978 580 accepit:
1017 511 1259 566 vicissim
1298 508 1532 579 aliquam
1571 507 1821 578 obsequii
1866 509 2107 578 speciem
2151 520 2345 564 secero
2389 507 2713 567 exhibdsse

477 598 808 669 crediderim,
836 599 970 652 ntis
997 598 1144 654 hello
1171 597 1404 657 honeste
1424 599 1578 653 exire
1598 600 1816 669 posset3
1857 598 1938 653 rei
1967 601 2115 653 certe
2142 596 2420 653 Romanae
2448 612 2708 655 sun-an

477 691 598 760 ipse
626 687 733 743 sibi
759 688 980 743 retinuit
1005 686 1307 743 Albericus.

617 778 670 831 ’1.
742 775 896 844 lingo
937 788 1055 829 cum
1083 789 1115 828 a
1141 774 1375 829 Romana
1415 773 1761 843 expeditione
1799 775 2129 844 revertisset,
2173 773 2395 829 fratrem
2438 773 2714 831 Boma-

478 865 725 936 detectis,
771 869 832 919 ut
876 862 1158 933 ferebatur,
1200 861 1411 918 insidiis
1453 861 1579 917 dolo
1620 864 1780 934 capit,
1825 866 1881 918 et
1918 864 1977 918 in
2008 862 2309 919 custodiam
2336 865 2606 934 conticit3
2648 867 2717 920 ita

475 953 826 1025 menardus.
897 950 1199 1007 Novissima
1227 952 1344 1017 ejus
1373 950 1807 1007 commemoratio
1834 954 1922 1007 est
1944 952 2000 1005 in
2029 952 2291 1020 scriptura
2313 952 2465 1021 apud
2482 951 2717 1009 Floren-

479 1043 668 1097 tinium
712 1040 838 1098 data
876 1044 1030 1096 sexto
1069 1036 1196 1094 Juiii
1235 1037 1393 1108 hujus
1434 1040 1577 1095 anni.
1666 1038 1897 1096 Uxorem
1936 1043 2057 1111 ejus
2098 1038 2312 1097 willam
2349 1042 2713 1098 incentricem

480 1132 655 1186 mariti
692 1131 750 1186 in
785 1127 1135 1197 Burgundiam
1173 1129 1411 1183 remittit.
1483 1127 1563 1184 Ita
1586 1126 1955 1199 Liutprandus,
1996 1129 2090 1198 qui
2126 1127 2360 1196 indignis
2398 1129 2596 1193 modis
2623 1145 2718 1185 ex-

477 1219 749 1292 poliatam,
788 1216 1050 1288 pudenda,
1094 1214 1191 1272 sed
1233 1217 1380 1285 genii
1418 1219 1520 1288 sui,
1558 1215 1839 1273 historiola
1880 1215 2128 1288 prodidit,
2173 1216 2318 1286 quod
2356 1218 2423 1273 ln
2466 1232 2717 1274 sororem

479 1308 819 1377 Transjnrani
857 1307 1002 1374 regis
1041 1304 1215 1361 adhuc
1254 1306 1561 1377 superstitis
1598 1308 1660 1361 et
1696 1304 1800 1361 sibi
1842 1303 2067 1362 timendi
2092 1304 2376 1361 admisisse
2410 1305 2717 1376 lingonen.

476 1409 584 1452 nec
617 1395 777 1451 facile
810 1396 991 1464 credo,
1028 1407 1150 1467 nec,
1192 1396 1242 1449 si
1281 1394 1512 1466 credam,
1552 1408 1768 1451 narrare
1807 1393 1987 1450 velim.
2058 1392 2310 1448 Sororem
2335 1392 2563 1450 liudolfi
2594 1397 2717 1464 dixi,

479 1498 550 1540 ex
588 1485 855 1540 sententia
895 1484 1141 1539 Andreae
1184 1483 1523 1554 Quercetani,
1575 1482 1645 1538 de
1685 1497 1790 1553 qua
1828 1486 2009 1539 tamen
2044 1479 2283 1537 nonnihil
2330 1481 2596 1540 dubitare
2634 1498 2719 1540 aie

477 1570 757 1644 professus
797 1586 915 1628 sum
953 1572 1022 1628 ad
1058 1587 1106 1628 a.
1134 1571 1198 1628 D.
1225 1572 1347 1628 912.
1418 1572 1541 1627 Filii
1566 1569 1700 1628 nulli
1726 1585 1796 1627 ex
1823 1583 1890 1626 eo
1917 1571 2272 1639 matrimonio,
2298 1576 2543 1640 quatuor
2572 1570 2717 1629 tiliae

477 1661 678 1716 Bosoiss
711 1665 872 1717 natae
911 1665 1065 1716 erant
1092 1659 1257 1732 Gisia,
1284 1660 1464 1732 willa,
1491 1661 1662 1732 Beria,
1688 1658 1956 1726 Richilda3
1986 1671 2055 1714 ex
2079 1658 2164 1714 his
2184 1658 2348 1714 willa
2374 1659 2712 1729 Berengario

478 1748 768 1805 marchioni
802 1749 1118 1820 Eporediae,
1159 1754 1352 1820 postea
1391 1748 1581 1806 Italiae
1620 1750 1764 1819 regi3
1810 1748 1971 1804 Berta
2010 1749 2238 1818 primum
2278 1747 2489 1803 Bosoni
2530 1751 2714 1805 coniti

480 1837 805 1911 Arelatensi,
860 1838 1055 1896 deinde
1099 1838 1404 1908 Raymundo
1454 1836 1678 1894 Gothiae
1721 1838 1953 1908 principi
1994 1837 2195 1907 nupsit.
2292 1835 2413 1892 Rex
2460 1836 2713 1894 dueatu-

481 1926 712 1984 Tusciae
755 1927 868 1983 filio
911 1928 1165 1999 lieberto,
1218 1943 1289 1984 ex
1332 1925 1717 1984 wandelmoda
1767 1925 1938 1983 nobili
1981 1924 2165 1996 puella
2206 1928 2351 1996 nato,
2400 1925 2712 1982 destinavit

479 2013 635 2083 lingo
662 2023 719 2071 et
737 2015 1016 2073 Lotharius
1033 2030 1210 2087 reges,
1237 2021 1497 2073 exorante
1522 2030 1709 2073 eorum
1736 2014 2110 2072 celsitudinem
2126 2011 2377 2069 Ariberto
2406 2016 2712 2072 venerabili

482 2102 677 2160 abbate
713 2104 917 2177 Tollite,
953 2107 1230 2162 carissimo
1265 2119 1453 2161 eorum
1496 2104 1644 2161 fideli
1682 2118 1749 2160 ac
1787 2103 2015 2175 medico,
2055 2102 2324 2159 abbatiam
2362 2116 2491 2159 cum
2531 2105 2708 2176 rebus,

478 2194 744 2262 personis,
785 2196 977 2264 servis,
1017 2192 1244 2263 ancillis,
1286 2192 1583 2248 camaldiis
1610 2196 1667 2248 et
1694 2190 1980 2247 aldialibus
2021 2190 2319 2259 (libertinis
2348 2205 2453 2247 seu
2482 2196 2624 2248 ortis
2648 2208 2707 2249 ex
2794 2259 2795 2262 Ἴ

479 2282 669 2349 servis,
691 2282 783 2349 qui
810 2280 983 2336 adhuc
1008 2294 1202 2350 operas
1230 2279 1481 2349 debent),
1504 2294 1627 2334 cum
1651 2269 1839 2334 iiber'is
1866 2278 2169 2335 hominibus
2196 2281 2253 2335 in
2274 2280 2435 2335 terris
2456 2279 2709 2339 abbatiae

478 2365 839 2422 residentibus
865 2368 955 2423 vel
982 2366 1286 2437 confugium
1315 2364 1653 2437 facientibus,
1697 2366 1796 2421 sub
1823 2368 2066 2423 tuitionis
2094 2367 2525 2425 mundiburdium
2550 2372 2707 2428 rece-

477 2458 687 2525 perunt.
757 2453 885 2511 Dat.
927 2457 986 2511 8.
1023 2455 1144 2510 Kal.
1178 2456 1411 2510 lanum.
1452 2469 1509 2509 a.
1544 2454 1596 2509 d.
1629 2457 1739 2510 inc.
1761 2457 1887 2510 936.
1924 2458 2265 2512 dom
2305 2460 2499 2514 autem
2523 2462 2709 2528 piissi-

478 2557 694 2599 norum
725 2557 915 2614 requei
938 2543 1179 2614 Hnyonia
1206 2543 1293 2608 10,
1331 2542 1586 2599 Lotbcrii
1607 2546 1659 2615 5,
1684 2544 1797 2600 istd.
1823 2546 1881 2599 8.
1907 2547 1991 2616 (9.
2014 2545 2196 2614 puto).
2265 2545 2463 2601 Acen
2490 2547 2705 2617 Papiae.

616 2632 670 2690 8.
743 2632 850 2689 Sed
878 2648 912 2689 a
937 2632 1098 2689 rebus
1126 2632 1375 2689 Romanis
1404 2636 1460 2687 et
1484 2631 1688 2689 Italicis
1716 2633 1785 2687 ad
1812 2632 2154 2691 Germanicas
2180 2634 2481 2690 veniamus.
2556 2636 2704 2693 Hea-

477 2722 621 2777 ricus
648 2735 760 2793 rex,
786 2726 843 2778 ut
869 2722 1178 2792 languorem
1197 2721 1506 2791 discuteret,
1534 2719 1834 2777 Botieldam
1852 2720 1941 2777 vel
1958 2720 2255 2778 Batseldam
2277 2722 2503 2795 adierat,
2528 2724 2702 2781 locun

478 2811 564 2865 sui
591 2812 835 2880 privatim
865 2813 1020 2883 juris,
1052 2808 1430 2867 venationibus
1468 2809 1877 2880 frequentatum.
1950 2809 2080 2879 Ejus
2107 2824 2217 2866 noa
2243 2813 2380 2866 satis
2407 2817 2599 2869 certus
2624 2819 2705 2870 est

478 2901 632 2954 situs.
711 2900 880 2972 Supra
927 2899 1294 2956 Rudinleldam
1337 2896 1635 2971 habuimus,
1679 2897 1857 2969 biagni
1901 2897 2178 2955 witikindi
2217 2898 2352 2954 sede
2397 2913 2466 2956 ac
2512 2902 2701 2958 ducatu
2790 2939 2791 2942 κ

477 2988 766 3059 celebrem,
793 3003 901 3044 non
929 2989 1113 3058 procul
1140 2988 1323 3044 dextra
1338 2985 1583 3056 Visurgis
1610 2989 1743 3057 ripa.
1815 2986 1935 3042 Fuit
1961 2986 2106 3043 aliud
2124 2986 2457 3050 Budreldnm
2487 2992 2546 3047 in
2572 2993 2701 3063 ipsis

478 3074 748 3131 Herciniis
785 3075 1058 3134 montibus
1097 3074 1238 3130 haud
1275 3076 1466 3145 procul
1505 3063 1892 3146 Elbingeroda,
1920 3075 1976 3130 in
2018 3089 2124 3145 qno
2168 3076 2429 3133 ded-iam
2470 3090 2541 3133 ex
2566 3081 2701 3135 oni

481 3164 771 3219 venatione
819 3162 1391 3232 Quidelingaburgensi
1431 3165 1831 3234 congregationi
1869 3162 1996 3219 Otto
2036 3164 2108 3221 hi.
2137 3178 2186 3220 a.
2213 3164 2283 3219 D.
2304 3167 2430 3222 93⁷.
2474 3182 2701 3225 conces-
2788 3179 2789 3212 ῑ

483 3253 569 3322 sit,
623 3252 765 3321 quod
820 3252 1248 3321 antiquissimum
1304 3257 1451 3309 extat
1496 3254 1677 3309 datum
1720 3255 1776 3310 ei
1821 3254 2225 3321 congregationi
2281 3253 2555 3325 diploma;
2610 3257 2698 3312 sed

481 3340 656 3410 ipsum
714 3339 909 3395 deinde
960 3339 1138 3396 locum
1183 3354 1284 3397 seu
1325 3341 1509 3397 villam
1552 3341 1850 3398 Bott'eldam
1896 3356 2019 3397 cum
2060 3341 2265 3398 foresto
2311 3347 2371 3397 et
2415 3348 2701 3401 venatione

481 3427 739 3484 ilenricus
768 3427 834 3484 li.
861 3427 1096 3499 Sophiae
1123 3428 1431 3486 abbatissae
1458 3429 1917 3486 Gandeshemensi
1944 3427 2235 3486 concessit.
2308 3431 2554 3504 Utraque
2578 3434 2699 3490 Bet-

480 3516 627 3574 ielda
663 3532 806 3574 nunc
843 3518 1227 3575 Hanoveranae
1269 3524 1354 3575 est
1391 3520 1625 3576 ditionis.
1694 3519 1983 3576 Posteriori
2008 3522 2176 3588 magis
2204 3519 2385 3592 faveo,
2415 3537 2543 3578 curn
2567 3524 2697 3578 'rha-

480 3608 686 3675 ringiae
713 3609 931 3677 propius
959 3608 1196 3663 accedat.
1269 3607 1444 3665 Locus
1471 3607 1566 3664 ille
1591 3604 1769 3678 inerit,
1790 3609 1846 3663 in
1876 3622 1982 3679 quo
2001 3608 2263 3666 Henricus
2281 3608 2398 3665 Leo
2423 3625 2565 3667 casu
2587 3613 2693 3681 equi

483 3692 715 3751 afflictus
741 3700 843 3768 est,
872 3711 988 3751 cum
1015 3697 1083 3753 ad
1108 3697 1396 3754 Henricnm
1414 3696 1501 3751 Vl.
1530 3699 1811 3765 augustum
1836 3695 2144 3753 Salafeldae
2169 3702 2424 3766 agentem
2452 3705 2688 3756 evocatas

483 3783 746 3850 tenderet.
817 3785 1094 3844 Caeterum
1113 3785 1376 3842 ilenricus
1400 3800 1500 3840 rex
1527 3785 1858 3854 aegritudine
1883 3789 2293 3856 ingravescente
2326 3791 2389 3842 et
2422 3789 2695 3847 in'l'ebren

487 3884 661 3942 versa,
703 3887 822 3928 cum
862 3876 1024 3931 etiam
1063 3879 1216 3930 aetas
1256 3873 1373 3930 rere
1413 3878 1764 3944 sexagenaria
1803 3890 1983 3931 curam
2020 3876 2287 3946 injiceret,
2326 3876 2427 3932 ubi
2464 3876 2696 3934 nonnihil

483 3961 690 4016 remisit
715 3962 883 4034 dolor,
919 3961 1317 4035 Erpesfordiam
1343 3976 1407 4019 se
1433 3962 1633 4018 deferri
1653 3965 1834 4034 jussit,
1872 3977 2047 4034 eoque
2074 3969 2399 4022 conventum
2427 3980 2700 4036 procerum

485 4049 690 4105 indixit.
761 4050 894 4106 Eum
922 4053 1043 4107 aliis
1071 4055 1366 4122 ignoratum
1393 4052 1649 4108 discimus
1677 4066 1748 4108 ex
1774 4051 2062 4123 biographo
2087 4054 2310 4122 reginae
2335 4052 2627 4127 Hathildss,
2649 4058 2701 4110 et

484 4140 578 4208 qui
602 4137 743 4196 hunc
769 4141 1108 4209 excerpsisse
1135 4141 1344 4197 videtur
1367 4140 1635 4196 annalista
1657 4140 1873 4197 Saxone
1902 4146 2105 4198 nostro.
2782 4217 2783 4220 Ἴ

626 4227 679 4284 9.
746 4229 1047 4284 Advenisse
1072 4229 1206 4296 illuc
1231 4229 1456 4286 arbitror
1479 4231 1767 4304 principes,
1796 4232 1888 4301 qui
1919 4230 2171 4287 distantia
2195 4230 2441 4287 locorum
2468 4235 2564 4290 aut
2588 4231 2697 4288 aliis

484 4319 667 4374 causis
713 4333 822 4374 non
865 4315 1310 4387 prohibebantur:
1390 4317 1762 4374 Hildebertum
1810 4318 2178 4394 hioguntinum
2222 4319 2692 4391 archiepiscopum,

483 4405 850 4462 Eberhardum
873 4404 1194 4462 Francorum
1225 4405 1433 4478 ducem,
1471 4406 1793 4477 sigefridum
1821 4411 1962 4466 inter
1983 4409 2226 4465 Saxones
2248 4411 2493 4480 primun,
2522 4409 2693 4465 Thiet-

483 4507 631 4549 maro
674 4492 788 4566 illo,
847 4495 998 4565 cujus
1043 4506 1249 4553 summa
1300 4495 1444 4567 apud
1496 4509 1681 4567 regem
1718 4497 1893 4574 gratia
1941 4502 1999 4557 et
2036 4499 2296 4560 autoritas
2338 4497 2533 4570 luerat,
2577 4501 2683 4553 aatu
