2817 4959
626 226 1184 318 anulinus
1256 192 1710 298 urrann
2168 235 2292 301 625

43 403 213 462 utem
266 401 644 473 importunius
686 404 907 462 instanti
958 406 1018 460 et
1069 402 1357 462 factionem
1405 405 1570 462 cienti
1623 416 1824 462 morem
1870 417 1980 463 uon
2022 406 2280 476 gessisse.
2306 408 2373 477 Α.
2398 402 2535 474 953.

43 492 162 548 iam
210 490 555 559 adjunxerat
594 504 659 547 se
689 492 876 562 juveni
904 490 1179 548 Conradus
1214 493 1336 565 dux,
1377 493 1616 550 offensus
1655 494 1772 562 regi
1799 496 1854 548 et
1881 492 2112 551 ilenrico
2149 494 2294 567 duci,

43 578 175 650 [uod
223 578 623 649 Berengarius,
664 592 822 649 quem
864 579 971 636 fide
1012 580 1135 636 data
1174 581 1481 654 adduxerat,
1518 582 1808 651 instigante
1848 596 1965 637 cum
1993 582 2293 640 Adelheide

43 668 297 738 laurico,
332 667 504 737 paulo
534 667 714 723 durius
741 666 955 724 habitus
983 666 1196 725 fuisset.
1252 669 1515 726 ilenricus
1543 670 1736 727 dudum
1763 668 1972 726 alienus
1996 684 2028 725 a
2048 668 2294 743 Ludolso,

43 771 88 810 ‚a
121 757 452 811 occasione
495 757 655 811 etiam
697 754 942 812 Conrado
984 755 1206 812 collisus
1236 761 1336 814 est.
1408 757 1666 814 Ludolt'us
1703 759 1863 815 etiam
1901 758 2292 830 indignabatur,

43 845 364 914 muricum,
403 841 531 898 olim
559 842 767 900 hostem
795 843 1100 915 capitalem,
1119 850 1318 904 tantum
1346 848 1485 918 apud
1516 846 1766 903 ottonem
1792 858 1976 916 posse,
2004 851 2060 901 et
2086 860 2291 918 prope-

43 934 257 989 uodum
301 931 428 987 filio
466 930 765 989 anteferri.
803 913 931 988 duo
957 934 1169 990 interim
1198 948 1315 990 cum
1342 933 1674 991 Francofurti
1700 933 1943 991 natalitia
1970 932 2111 989 resta
2137 934 2289 991 cele-

43 1023 275 1091 ›rasset,
310 1020 499 1075 media
526 1019 716 1090 hyeme
738 1021 794 1076 in
815 1020 1072 1077 Alsatiam
1100 1022 1390 1094 profectus,
1414 1024 1594 1079 socrui
1621 1024 1829 1092 Bertae,
1855 1020 2111 1077 Burcardi
2136 1021 2294 1078 Alle-

43 1110 296 1166 nanniae
330 1108 607 1179 quondam
635 1108 786 1163 ducis
814 1107 975 1180 tiliae,
1003 1108 1209 1166 liudolfi
1238 1115 1294 1167 et
1319 1112 1560 1178 lingonis
1585 1124 1767 1181 regum
1788 1110 1997 1180 viduae,
2026 1108 2294 1167 abbatiam

43 1198 198 1269 ledit,
231 1212 414 1269 quam
443 1198 778 1253 continuator
805 1196 1093 1266 Reginonis
1120 1201 1278 1254 vocat
1301 1198 1645 1270 Merenstein,
1688 1197 2119 1267 chronographus
2146 1198 2291 1255 Saxo

43 1287 365 1358 {xensteim
412 1284 512 1342 sed
542 1285 804 1340 annalista
830 1285 970 1342 Saxo
1000 1289 1184 1344 noster
1209 1285 1512 1357 Erensteiu,
1554 1286 1695 1356 quod
1724 1287 1925 1343 rectius
1952 1287 2110 1355 puto;
2155 1298 2291 1342 con-

43 1379 260 1432 tentum
289 1374 356 1430 in
385 1372 515 1430 loco
543 1371 830 1431 Ereustein
857 1372 924 1430 ab
948 1373 1146 1431 Ottoue
1172 1373 1245 1432 11.
1272 1373 1526 1446 habitum,
1555 1387 1673 1430 cum
1694 1371 1972 1429 Udairicus
2002 1375 2292 1444 episcopus

43 1466 402 1533 augustanus
433 1461 660 1534 obisset,
681 1460 843 1518 habet
872 1466 989 1533 ejus
1018 1462 1356 1536 biographus,
1385 1467 1441 1522 et
1467 1464 1558 1534 qui
1584 1463 1823 1532 Augusta
1849 1464 2133 1520 venientes
2161 1461 2293 1518 illuc

43 1550 364 1622 tendebant,
397 1550 736 1621 imperatoris
764 1553 1081 1607 sententiam
1110 1552 1179 1608 de
1205 1565 1348 1608 novo
1377 1552 1635 1622 episcopo
1663 1550 1967 1620 expetituri,
1994 1549 2064 1605 ad
2091 1549 2291 1607 Balnea
2354 1625 2360 1630 ἢ

43 1641 312 1711 [Eadem]
329 1650 562 1696 venere.
609 1637 792 1709 ltaque
810 1638 952 1695 idem
970 1638 1123 1695 locus
1143 1639 1306 1697 fuerit
1321 1637 1631 1710 utrobique,
1651 1652 1756 1708 qua
1772 1636 1840 1693 de
1858 1651 1920 1694 re
1939 1637 2006 1693 ad
2022 1651 2074 1694 a.
2088 1636 2152 1693 D.
2167 1637 2288 1696 973.

177 1729 240 1786 2.
319 1726 414 1783 Ad
443 1725 584 1781 hunc
604 1740 797 1783 aunum
825 1726 950 1784 bina
972 1728 1184 1798 indicia,
1212 1728 1558 1784 indictionem
1581 1730 1635 1783 et
1651 1725 1846 1797 locum,
1862 1730 2080 1783 secutus
2107 1725 2289 1784 refero

43 1816 259 1874 ottonis
282 1815 549 1888 diploma,
576 1829 683 1885 quo
703 1828 860 1873 omne
877 1815 1151 1887 praedium
1174 1817 1331 1873 situm
1360 1816 1417 1871 in
1442 1814 1566 1870 loco
1587 1804 1909 1871 Daveutrlae
1934 1815 2074 1871 intra
2099 1813 2288 1871 urbem

43 1909 92 1962 et
119 1911 281 1963 extra
326 1907 389 1960 in
430 1916 570 1974 pago
606 1903 888 1960 liamaiaut
921 1906 976 1960 in
1004 1905 1256 1961 comitatu
1281 1904 1600 1974 wigmanni,
1645 1901 1787 1973 quod
1815 1903 2005 1959 mulier
2029 1904 2204 1959 amica
2232 1904 2290 1960 et

43 1992 152 2051 Deo
184 1994 400 2051 devota
429 1992 733 2064 tradiderat,
761 1991 923 2048 donat
950 1994 1272 2050 monasterio
1296 1991 1642 2062 magdeburgi
1669 1994 1975 2046 constructo
2001 1991 2056 2047 in
2081 1989 2290 2049 honore

43 2082 91 2137 S.
118 2081 274 2139 Petri
318 2081 585 2153 principis
620 2080 1002 2152 apostolorum,
1041 2081 1136 2138 SS.
1157 2082 1390 2139 mauritii
1426 2084 1483 2138 et
1516 2080 1814 2136 innocentii
1849 2082 2135 2150 martyrum
2175 2081 2291 2136 dat.

43 2168 157 2224 Kal.
185 2170 436 2225 lanuar.
467 2184 518 2223 a.
548 2169 599 2224 d.
627 2170 735 2224 inc.
763 2172 890 2225 954.
921 2171 1069 2240 [lego
1095 2171 1265 2241 953.],
1290 2171 1401 2227 ind.
1425 2172 1478 2225 5.
1508 2167 1654 2237 [lego
1686 2169 1816 2233 121.
1887 2166 2075 2222 Acuent
2098 2165 2288 2223 Fran-

43 2258 310 2328 conofurt
346 2259 577 2329 palatio,
631 2260 894 2328 reputante
929 2261 1026 2328 pio
1064 2272 1192 2330 repe
1233 2257 1427 2314 ottone
1465 2270 1614 2313 anno
1656 2257 1739 2310 1⁷.
1823 2255 2045 2327 Siquam
2089 2256 2290 2310 domni

44 2343 265 2402 ottonis
303 2346 644 2400 &evicti-ssimi
679 2347 839 2416 repis.
908 2345 1067 2402 Brun
1103 2348 1469 2403 cancellarius
1508 2346 1585 2401 ad
1609 2346 1779 2402 vicem
1803 2342 2074 2399 Priamei
2098 2343 2288 2399 archi-

43 2435 323 2503 capellani
349 2435 661 2503 rccoqmm'.
733 2433 1014 2491 Caeterum
1044 2450 1163 2491 cum
1190 2436 1536 2506 wigmannus
1564 2434 1870 2489 comitatum
1900 2432 2040 2487 circa
2068 2429 2288 2487 Daven-

42 2524 202 2577 triam
227 2519 503 2589 habuerit,
531 2520 704 2576 minus
730 2521 1037 2578 mirabimur
1062 2521 1129 2577 ab
1159 2522 1356 2579 ottone
1386 2520 1708 2578 consobrino
1737 2520 1896 2576 etiam
1918 2518 2288 2576 Gandavensis

43 2607 213 2664 castri
245 2607 504 2663 comitem
533 2606 731 2663 factum
759 2611 815 2664 et
839 2608 1036 2665 Arnulii
1064 2608 1274 2664 Flandri
1303 2607 1466 2664 filiam
1494 2610 1729 2664 duxisse.
1800 2606 1927 2661 Mox
1953 2605 2059 2662 alia
2086 2606 2285 2663 ibidem

43 2693 507 2765 laagdeburgensi
536 2694 804 2751 ecclesiae
833 2696 954 2752 data
982 2701 1121 2766 sunt,
1148 2696 1215 2752 de
1236 2711 1341 2766 quo
1360 2696 1429 2752 ad
1453 2710 1502 2751 a.
1517 2694 1578 2750 D.
1594 2694 1714 2765 956,
1734 2692 1826 2749 uhi
1844 2694 2034 2750 iterum
2052 2697 2287 2751 occurrit

45 2787 339 2841 comitatus
366 2782 668 2852 wigmanni
696 2788 752 2840 et
780 2783 846 2840 de
876 2796 944 2839 eo
973 2782 1247 2839 dubitatio.

186 2872 239 2929 3.
318 2870 600 2928 Bedeuute
646 2885 716 2928 ex
752 2871 961 2928 Alsatia
1011 2871 1223 2941 Ottone,
1286 2872 1612 2942 conspiratio
1666 2872 1723 2925 in
1777 2868 1977 2926 bellum
2030 2869 2286 2941 paulatim

50 2960 391 3031 erumpebat.
464 2958 720 3016 Ludoli'us
757 2965 814 3017 et
848 2959 1125 3018 Conradus
1165 2974 1356 3030 magno
1382 2957 1643 3016 nobilium
1664 2960 1920 3028 juvenum
1950 2969 2019 3014 ex
2044 2956 2283 3030 Francia,

50 3047 302 3121 saxonia,
357 3047 711 3120 Allemauuia,
768 3049 992 3105 Bavaria
1043 3049 1208 3119 globo
1262 3049 1423 3105 cincti
1477 3044 1986 3119 circumvolitabant,
2038 3046 2284 3103 homines

52 3137 446 3214 coadunabant,
485 3137 710 3193 castella
736 3136 1058 3193 muniebant.
1131 3137 1257 3209 Rex,
1294 3138 1385 3210 qui
1415 3134 1749 3206 ingelheimii
1776 3134 1976 3205 pascha
2004 3135 2284 3193 celebrare

54 3228 424 3296 constituerat,
467 3225 808 3282 solitudinem
852 3226 994 3281 circa
1020 3238 1085 3281 se
1110 3225 1317 3297 videns,
1362 3224 1539 3282 vereri
1573 3224 1797 3280 iusidias
1837 3225 1894 3280 in
1930 3222 2055 3279 loco
2096 3228 2283 3294 aperto

57 3313 249 3382 coepit.
322 3312 515 3384 Itaque
554 3317 754 3369 mutata
795 3317 1080 3386 sententia,
1117 3313 1289 3370 testes
1319 3314 1437 3370 dies
1463 3312 1769 3382 Mogontiae
1796 3325 1957 3381 agere
1986 3311 2284 3369 consultius

53 3402 274 3468 putavit.
346 3400 430 3456 Ad
459 3401 646 3458 urbem
673 3401 956 3474 accedens,
987 3401 1256 3459 Friderico
1283 3402 1693 3472 archiepiscopo
1715 3403 1828 3469 jam
1856 3399 2117 3457 adversae
2145 3401 2285 3470 parti

56 3486 265 3562 innexo,
304 3504 419 3548 non
456 3491 579 3546 siue
618 3477 940 3547 contunielia
980 3489 1285 3562 aliquandiu
1317 3491 1385 3547 ad
1413 3493 1593 3563 portas
1632 3489 1826 3560 haesit,
1865 3491 2151 3559 autequam
2178 3487 2283 3542 ad-

59 3579 364 3635 mitteretur.
440 3579 639 3636 Aberat
682 3578 1138 3650 archiepiscopus,
1183 3583 1241 3636 et
1279 3581 1595 3637 austerioris
1634 3580 1781 3635 vitae
1819 3577 2007 3645 specie
2046 3574 2282 3647 quadra-

60 3667 309 3731 gesimam
339 3681 459 3723 cum
488 3667 743 3724 solitariis
780 3666 1004 3738 agebat3
1044 3668 1142 3725 sed
1183 3673 1467 3726 revocatus
1507 3681 1689 3736 regem
1730 3664 1988 3734 suscepit.
2059 3662 2141 3719 Eo
2168 3662 2282 3719 Lu·-

65 3750 231 3811 dolfus
274 3758 328 3812 et
373 3753 649 3812 Conradus
694 3769 834 3812 vana
879 3754 1126 3826 obsequii
1171 3759 1376 3829 specie,
1437 3772 1497 3814 re
1542 3757 1664 3827 ipsa
1708 3752 1893 3810 tumidi
1939 3756 1996 3810 et
2036 3752 2279 3809 minaces

62 3852 356 3902 accessere.
428 3843 728 3914 Purgahant
755 3858 897 3915 sese,
925 3849 985 3901 ut
1012 3846 1179 3915 magis
1207 3848 1542 3903 accusarent.
1595 3844 1728 3912 Regi
1755 3854 1818 3898 se
1846 3841 2024 3896 omnia
2047 3839 2278 3913 deferre,

65 3929 154 3985 sed
171 3930 387 3989 ilenrici
408 3934 748 3990 insolentiam
769 3930 908 3989 ferre
929 3946 1038 3989 non
1063 3947 1227 4004 posse
1246 3935 1583 3999 dictitantes3
1611 3945 1717 3988 nec
1740 3925 1969 3986 obscure
1983 3929 2278 4003 jactabant,

65 4017 109 4070 si
132 4021 390 4080 accedere
430 4023 668 4092 auderet,
706 4034 895 4077 manus
924 4022 978 4076 ei
1002 4021 1256 4090 injectum
1292 4024 1376 4078 iri.
1446 4021 1560 4077 Rex
1585 4020 1715 4075 iram
1742 4032 1992 4090 premens
2022 4022 2078 4074 et
2104 4031 2279 4088 aequa

65 4104 341 4181 pollicitus,
383 4110 483 4168 sed
507 4112 565 4168 in
589 4110 724 4167 urbo
748 4108 994 4166 hostibus
1024 4109 1256 4168 obnoxia
1281 4125 1344 4166 se
1373 4113 1540 4167 tutum
1566 4106 1706 4163 haud
1728 4107 1997 4176 judicans,
2037 4104 2277 4162 secundo

64 4188 237 4251 Rheno
268 4196 544 4255 Coloniam
577 4199 792 4268 navigio
819 4199 1117 4268 descendit,
1145 4201 1283 4255 etin
1308 4196 1620 4278 Drotmanni
1637 4197 1760 4252 vico
1793 4195 1931 4266 apud
1959 4191 2273 4264 westfalos,

67 4283 122 4334 ut
145 4286 358 4357 poterat,
380 4301 491 4346 nou
515 4290 576 4344 ut
602 4286 831 4358 dignitas
857 4285 1179 4359 postulabat,
1204 4284 1482 4358 paschalia
1509 4283 1650 4342 festa
1674 4286 1899 4355 peragit.
1947 4282 2270 4340 witikindus

69 4367 153 4439 ait,
175 4370 336 4443 Aquis
363 4388 526 4447 agere
550 4374 822 4449 maluisse,
863 4376 961 4434 sed
996 4375 1128 4435 nihil
1157 4379 1396 4447 paratum
1422 4376 1714 4435 invenisse.
1781 4372 1906 4431 Mox
1931 4370 2074 4444 inde,
2098 4383 2196 4427 coa
2207 4369 2274 4424 d-

170 4485 413 4540 annan
441 4489 669 4529 rnnu
694 4491 820 4529 ron.
846 4481 912 4531 11.
1726 4480 1817 4548 40
