2817 4959
584 340 719 407 542
1159 336 1690 405 ANNALES
1765 337 2253 407 IMPERII

345 508 565 585 mm,
591 515 697 572 du
729 526 854 569 mox
882 513 1070 568 iten-
1100 515 1261 583 caput
1286 514 1472 583 erexit,
1511 514 1691 583 partes
1732 518 1909 569 tamen
1955 517 2090 583 ejus
2137 514 2301 570 valde
2325 512 2545 585 afflictas,
2564 515 2690 571 veih

586 601 874 672 intelligas,
894 600 1037 671 quod
1058 599 1211 668 nugo
1228 601 1462 657 intrusus
1485 613 1553 655 ex
1572 614 1639 657 eo
1664 601 1849 657 sedem
1868 602 2218 658 Remensem
2237 617 2346 658 non
2361 606 2555 675 recepit.
2588 603 2689 659 Due

586 693 836 750 evertere
860 704 967 746 nec
989 691 1165 760 ipsum
1186 687 1436 745 ottonem
1454 690 1510 743 in
1538 692 1713 744 animo
1732 688 1994 747 habuisse
2014 690 2290 763 arbitror;
2324 705 2439 747 nam
2453 694 2692 761 praeterqu

587 779 728 851 quod
756 779 994 835 sororius
1023 782 1139 834 erat
1163 781 1405 848 uterque,
1425 776 1692 833 Ludovico
1718 793 1899 850 parum
1919 778 2220 850 credebat,
2251 778 2452 835 turbido
2476 779 2694 834 consilior-

587 873 660 940 et,
687 868 792 922 nisi
812 868 952 923 domi
974 870 1326 936 coerceretur,
1358 865 1520 922 facile
1539 864 1918 923 Lotbarienses
1936 869 2276 937 repetitur-o,
2297 880 2600 937 quaecunque
2618 871 2696 934 pact

582 957 795 1012 inisset.
849 955 981 1012 Nam
1026 953 1318 1032 verisimile
1359 956 1462 1025 est,
1503 957 1558 1010 in
1596 954 1681 1009 bis
1721 957 1991 1025 augustiis
2039 958 2232 1012 omnia
2262 954 2437 1011 ottoni
2462 953 2700 1021 detulisses

586 1045 1014 1117 qualemcunque
1039 1045 1094 1098 in
1123 1056 1342 1111 regnum
1371 1041 1564 1097 dudum
1591 1044 1845 1099 amissum
1876 1046 2024 1114 juris
2064 1044 2314 1101 colorem
2342 1041 2700 1097 sacramentis&

585 1146 972 1205 procerumque
1000 1132 1139 1187 datis
1168 1133 1428 1198 ejurasse.
1485 1129 1635 1193 Quod
1666 1131 1874 1188 Dodoni
1894 1136 2263 1189 occasionem
2282 1131 2407 1187 dare
2434 1132 2588 1200 potuit,
2607 1130 2700 1181 reu?

585 1220 1011 1278 Lotbariensium
1036 1218 1177 1274 baud
1205 1220 1393 1289 perito,
1422 1223 1482 1274 ut
1511 1220 1769 1291 crederet,
1797 1234 2024 1289 regnum
2043 1220 2293 1276 Lotharii
2322 1224 2422 1274 tum
2447 1218 2614 1272 demun
2626 1214 2697 1269 Ge·

585 1312 795 1367 manico
822 1310 937 1378 regi
965 1307 1226 1363 traditum.
1280 1307 1413 1363 Cum
1441 1312 1655 1379 praeter
1689 1311 2107 1379 possessionem
2137 1308 2209 1364 ab
2249 1308 2464 1364 ilenrico
2481 1309 2528 1361 in
2549 1303 2700 1360 ottones

590 1400 948 1455 continuatam
990 1409 1059 1452 ex
1097 1395 1405 1451 Frodoardo
1448 1399 1676 1469 constet,
1719 1400 1823 1466 jam
1862 1398 1961 1453 sub
1993 1400 2178 1454 initiis
2209 1399 2359 1465 regni
2385 1397 2464 1451 sui
2485 1393 2696 1449 Ludovicu

586 1490 642 1543 in
668 1500 787 1542 eam
814 1500 928 1543 rem
958 1483 1140 1540 Ottoni
1182 1482 1339 1540 fidem
1368 1498 1465 1554 per
1490 1487 1645 1554 pacta
1685 1485 1931 1554 dedisse;
1974 1488 2175 1558 itaque
2201 1486 2453 1540 dedentes
2476 1496 2530 1537 se
2550 1478 2700 1534 bothari—

587 1587 749 1632 enses
777 1577 1001 1645 primum
1037 1574 1314 1646 rejecisse,
1343 1573 1518 1630 donec
1545 1585 1646 1644 spe
1681 1587 1935 1630 secessus
1964 1580 2135 1630 aucta
2167 1574 2440 1630 labascere
2463 1569 2614 1639 coepit

728 1663 814 1719 10.
885 1661 1037 1717 Cum·
1060 1661 1188 1719 Otto
1230 1661 1409 1718 Remis
1465 1665 1664 1735 ageret,
1712 1666 1901 1732 rogatu
1946 1663 2224 1719 Friderici
2273 1657 2648 1731 moguntiacensis
2671 1654 2697 1705 εῑ

585 1750 825 1821 lingonis
852 1750 1186 1822 Leodiensis,
1229 1750 1353 1807 dato
1382 1755 1674 1821 praecepto
1716 1752 1977 1823 permisit,
2008 1756 2074 1807 ut
2110 1749 2383 1806 Eilbertus
2419 1746 2581 1803 nobilis
2601 1745 2694 1795 viret

584 1840 899 1898 floresindis
941 1842 1060 1915 ejus
1101 1854 1236 1897 uxor
1273 1842 1329 1895 in
1366 1839 1490 1896 loco
1533 1842 1625 1911 qui
1673 1840 1864 1895 dicitur
1907 1839 2293 1911 Valciodorus,
2327 1837 2416 1893 ubi
2448 1841 2518 1890 est
2551 1829 2694 1888 coeleth

584 1931 640 1984 in
667 1928 874 1986 bonore
914 1929 967 1985 S.
996 1928 1197 1985 Mariae
1237 1933 1559 1993 constructa,
1598 1929 1691 1985 nbi
1719 1929 1978 2000 quosdam
2019 1928 2130 1985 Dei
2159 1940 2348 1985 servos
2371 1914 2693 1995 peregrinationi

585 2019 756 2087 gratia
790 2030 859 2074 ex
876 2017 1059 2073 Scotia
1088 2021 1369 2074 venientes
1389 2021 1445 2073 et
1462 2017 1560 2074 sub
1587 2017 1774 2088 regula
1791 2017 1845 2074 S.
1869 2017 2159 2074 Benedicti
2188 2019 2423 2071 viventes
2441 2008 2689 2076 suseepemt

586 2105 654 2161 de
681 2105 847 2161 rebus
876 2107 988 2161 suis
1016 2109 1398 2165 monasterium
1426 2105 1710 2164 aedificare
1737 2108 1981 2179 possent.
2028 2106 2103 2164 Et
2131 2120 2252 2161 cum
2278 2101 2524 2158 Eilbertus
2544 2102 2689 2149 num

584 2194 1018 2250 indominicatum
1057 2193 1124 2249 ad
1165 2193 1355 2250 Littras
1385 2198 1442 2250 iu
1488 2210 1625 2267 pago
1651 2194 1954 2268 Arduenna,
1981 2208 2234 2251 mansum
2256 2195 2309 2247 in
2335 2187 2590 2251 Falmem
2615 2179 2685 2232 Μ

584 2281 814 2337 Antinae
847 2283 901 2337 in
931 2280 1246 2352 condrosio,
1275 2285 1330 2337 et
1356 2284 1411 2338 in
1438 2282 1562 2339 loco
1581 2283 1820 2339 Florines
1851 2285 1993 2339 dicto
2029 2297 2249 2341 mansos
2268 2294 2376 2346 sex,
2394 2273 2688 2361 cambanmf

584 2369 858 2434 dedisset3
894 2367 949 2423 id
988 2382 1086 2424 rex
1113 2367 1403 2440 confirmat,
1439 2373 1515 2426 ita
1541 2374 1599 2426 ut
1625 2372 2008 2427 monasterium
2042 2378 2302 2443 perpetuo
2328 2368 2378 2420 in
2403 2375 2514 2418 usus
2535 2364 2685 2430 perit*

582 2471 769 2514 norum
798 2460 853 2511 et
877 2469 1167 2527 pauperum
1199 2457 1515 2529 stabiliatur,
1545 2462 1598 2513 et
1623 2460 1680 2513 in
1710 2460 1914 2515 ditione
1931 2459 2223 2516 Scotorum
2243 2452 2533 2528 permaneat
2573 2444 2687 2498 Um

582 2545 943 2601 cancellarius
969 2541 1136 2610 [forte
1163 2546 1365 2617 Bruno]
1393 2547 1471 2602 ad
1504 2550 1673 2604 vicem
1696 2546 1983 2605 Fn'dcrici.
2053 2552 2141 2605 13.
2169 2546 2285 2602 Kal.
2318 2540 2477 2598 octob.
2507 2551 2551 2590 α.
2572 2533 2606 2587 d·
2624 2530 2680 2581 ὑὲ

581 2635 706 2706 946,
730 2635 843 2689 ind.
867 2636 1047 2706 prima
1082 2633 1233 2705 [lego
1260 2638 1313 2688 5.
1342 2640 1368 2702 ]
1407 2650 1556 2692 anno
1596 2635 1801 2692 ottonis
1827 2638 1909 2693 11.
1953 2637 2154 2694 Actum
2180 2635 2364 2691 Remis.
2428 2627 2550 2681 luter
2567 2618 2684 2714 Stoici

583 2724 818 2793 primarii
844 2721 994 2779 fuere
1022 2721 1229 2780 Cadroa
1270 2727 1328 2779 et
1354 2721 1713 2780 Maccalanus.
1785 2723 1993 2782 Cadroa
2032 2729 2197 2783 natus
2224 2726 2277 2779 in
2302 2717 2464 2775 scotia
2484 2711 2681 2806 Britaffn?

583 2812 755 2881 (inter
782 2825 896 2884 eos,
925 2813 1131 2885 opinor,
1171 2813 1380 2885 Scotos,
1415 2814 1505 2885 qni
1534 2813 1855 2870 Hibernicae
1882 2819 2004 2870 sunt
2032 2812 2302 2884 originis),
2335 2805 2448 2861 iude
2481 2796 2631 2855 transm
2652 2800 2681 2839 ¹¹¹

582 2899 889 2958 Hiberniam
927 2901 1219 2957 studiorum
1249 2915 1431 2974 causa,
1470 2907 1524 2959 et
1552 2903 1844 2965 Armacbae
1869 2903 2042 2959 literis
2073 2902 2347 2962 imbuitur3
2381 2891 2488 2948 inde
2507 2885 2678 2955 lim

583 2987 919 3046 Constantini
946 2990 1225 3045 Scotorum
1250 2993 1396 3060 regis
1416 2993 1896 3062 peregrinationem
1920 2993 2169 3062 instituit,
2188 2987 2329 3044 venit
2348 2981 2408 3037 ad
2427 2963 2677 3033 novenam·

582 3075 929 3133 cumbrorum
951 3090 1131 3146 regem
1151 3080 1504 3149 propinquum
1523 3094 1691 3151 suum,
1712 3084 1820 3135 tum
1838 3078 2135 3136 Londinum
2156 3080 2222 3134 ad
2240 3059 2675 3145 Eadmundunretff

579 3162 884 3231 Anglorum.
955 3162 1084 3219 Inde
1133 3166 1188 3219 in
1233 3172 1388 3235 portu
1417 3165 1601 3223 Limen
1640 3169 1815 3223 navim
1857 3178 1975 3223 cum
2004 3168 2173 3223 sociis
2193 3160 2429 3221 tredecim
2452 3135 2672 3243 ⁰⁰¹¹⁵⁰f¹d³⁸3

581 3251 871 3306 Bononiam
918 3252 1159 3323 appellit,
1200 3255 1254 3308 in
1282 3257 1609 3311 monasterio
1637 3254 1902 3312 Peri-onae
1930 3255 1996 3310 ad
2026 3257 2173 3313 beati
2200 3234 2377 3309 Fdrsei
2401 3235 2607 3316 P⁰P¹¹¹¹¹¹⁵
2622 3234 2672 3276 w

578 3341 881 3410 sepulcrum
921 3345 1053 3396 orat.
1126 3340 1389 3399 Hersendi
1428 3344 1731 3416 innotescit,
1759 3358 1792 3400 a
1820 3345 2133 3415 conjugibus
2160 3333 2443 3397 Valciodori
2465 3316 2669 3411 collocutu-

577 3425 680 3483 Pro
720 3426 901 3484 Littris
942 3432 997 3484 et
1035 3428 1285 3486 Fulmena
1327 3434 1419 3502 (ut
1453 3431 1686 3502 diploma
1725 3431 1921 3501 babet)
1961 3433 2173 3504 quidam
2202 3425 2431 3485 Heidram
2460 3418 2505 3471 in
2533 3406 2669 3493 ΜΨ

576 3515 777 3586 legunt.
847 3515 917 3574 Et
944 3517 1158 3575 estillic
1183 3520 1332 3587 regio
1352 3519 1569 3577 Famina
1593 3519 1864 3592 hodieque
1891 3521 2047 3577 dicta.
2109 3515 2426 3577 Maccalauus
2447 3492 2663 3600 mm

579 3605 633 3662 S.
656 3606 934 3665 Michaelis
963 3609 1017 3663 in
1044 3607 1332 3664 Teorascia
1357 3607 1426 3664 ab
1453 3609 1644 3665 iisdem
1686 3613 1889 3666 structo
1917 3609 2233 3680 praeficitur.
2299 3587 2544 3657 florsendlss
2563 3573 2663 3703 '‘m'‘

577 3694 684 3750 alia
723 3698 1048 3754 monasteria
1104 3696 1306 3766 struxit,
1345 3696 1496 3752 velut
1536 3697 1828 3754 Bucileiam
1870 3700 2141 3769 virginum,
2193 3689 2326 3765 quod
2361 3680 2494 3740 bodie
2538 3661 2646 3722 ΒΜ

576 3782 1154 3861 Praemonstratenses.
1225 3784 1375 3840 llaec
1421 3785 1546 3842 ideo
1587 3790 1776 3843 notare
1819 3787 1982 3858 volui,
2025 3789 2149 3858 quia
2188 3779 2374 3857 passim
2406 3771 2453 3824 in
2475 3752 2658 3839 ⁶³⁰⁸?

577 3884 809 3943 quoque,
848 3876 908 3929 ut
944 3874 1238 3945 Errordlae‚
1279 3873 1627 3945 wirzeburgi,
1675 3874 1914 3931 Viennae
1950 3874 2265 3932 monasteria
2299 3858 2528 3922 meolam
2552 3834 2654 3927 ⁵⁶⁰9

577 3958 693 4014 sive
713 3956 950 4033 Hiberni,
979 3964 1096 4019 sive
1123 3965 1178 4020 in
1206 3961 1462 4020 Hibernia
1489 3965 1747 4035 instructi,
1774 3965 1830 4019 in
1858 3962 1941 4019 bis
1969 3963 2104 4020 locis
2131 3962 2296 4028 etiam,
2316 3949 2396 4009 ubi
2418 3922 2655 4015 ΜΒΝ

575 4048 797 4102 tutionis
826 4045 997 4104 forma
1023 4051 1309 4123 ignoratur,
1330 4051 1459 4106 huic
1484 4051 1713 4109 similem
1742 4051 1915 4109 tuisse
1942 4053 2088 4108 credi
2114 4048 2299 4123 potest,
2326 4011 2653 4117 nimum-‘0⁶¹¹'

574 4132 845 4206 hospitale
862 4135 1147 4195 baberetur
1173 4141 1293 4195 usui
1322 4140 1661 4211 advenarum,
1694 4140 1837 4211 quod
1857 4142 2018 4198 etiam
2036 4143 2091 4197 in
2111 4123 2451 4209 capitularibus
2465 4096 2649 4168 iflfflfflffl'

576 4223 656 4281 De
684 4223 887 4283 familia
920 4225 1148 4283 Eilberti
1176 4228 1402 4284 diximus
1433 4230 1502 4285 ad
1529 4244 1576 4286 a.
1604 4228 1666 4284 D.
1695 4228 1817 4285 943.
2472 4286 2483 4300 ,
2699 4254 2700 4299 1

717 4316 800 4371 11.
873 4316 999 4373 Otto
1036 4316 1118 4373 12.
1147 4315 1261 4371 Kal.
1289 4314 1549 4374 Novemb.
1584 4320 1697 4386 jam
1736 4319 1793 4373 in
1818 4316 2089 4388 Belgicam
2127 4315 2294 4382 redux,
2334 4290 2484 4357 1⁴0⁴„1¹¹
2512 4262 2645 4400 ”⁰³¹3

571 4403 759 4475 ibique
794 4403 1051 4461 Guiberto
1091 4402 1499 4462 Gemblaceusis
1534 4407 1845 4464 monasterii
1888 4409 2060 4462 autori
2100 4395 2406 4478 praecepti!m
2438 4370 2556 4435 ΜΒ
2581 4365 2625 4449 ⁴¹?

574 4492 872 4548 institutum
915 4494 1033 4561 ejus
1078 4488 1465 4559 comprobatur.
1537 4493 1666 4549 Erat
1707 4495 1802 4552 ille
1849 4497 1933 4551 vir
1966 4494 2166 4553 nobilis
2201 4492 2254 4549 et
2285 4486 2335 4540 in
2364 4462 2517 4546 P⁸¹⁸fl⁰
2544 4446 2634 4509 ’φο
