2817 4959
775 286 1309 359 ANNALES
1371 290 1834 359 IMPERII
2288 293 2409 363 ¹81

325 469 380 524 5.
452 462 737 522 Amlfun
764 466 1043 534 mentum
1075 463 1272 536 duplex
1298 465 1492 521 malum
1521 467 1752 534 graviter
1777 470 2063 539 oppressit,
2135 469 2250 526 Oda
2278 484 2416 526 con·
2440 471 2507 543 Δ,
2529 467 2663 541 8η,

182 558 277 626 ju
301 553 560 612 adulterii
585 566 682 608 rea
711 551 853 609 facta
881 558 980 608 est.
1017 553 1300 609 Annalium
1329 553 1673 610 Fuldensium
1702 559 2036 612 continuator
2060 556 2415 615 Freherianus

185 645 241 699 id
269 652 464 699 nense
491 640 653 697 lunio
681 642 736 696 in
763 641 1058 698 Ratisbona
1096 642 1231 697 urbe
1285 645 1442 709 juxta
1466 655 1741 713 procerum
1770 648 2131 715 praesentium
2154 647 2421 714 judicium

187 732 256 789 '12
300 729 616 799 jurantibus
680 728 1080 800 comprobatum
1140 731 1388 801 scripsit;
1470 736 1525 787 at
1581 730 1912 787 Her-mannus
1963 733 2281 791 Contractus
2342 734 2421 790 ⁷2.

187 821 492 891 principum
512 821 818 886 Juranento
840 816 1156 889 absolutam,
1196 833 1406 889 uereor,
1433 834 1504 874 ne
1528 818 1979 891 honorificentius,
2017 835 2172 889 quam
2212 825 2413 879 verius.

189 908 317 965 Rem
347 906 709 974 Cerdemojas
737 907 806 963 de
823 906 1172 961 zuentibaldi·
1190 910 1429 976 conjuge
1447 907 1563 963 Oda
1590 908 1832 977 accepit;
1861 907 1957 963 sed
1988 907 2081 963 illa
2109 911 2166 965 in
2193 910 2421 966 Austra-

189 999 284 1067 ἀι,
311 1009 429 1053 nen
458 997 516 1049 in
544 995 768 1050 Bavaria
789 994 1079 1062 judicanda
1120 999 1249 1051 erat.
1321 994 1527 1051 Eodem
1569 1000 1812 1066 tempore
1853 998 2139 1066 imperator
2185 997 2420 1067 paralysi

189 1088 475 1155 correptus
515 1087 620 1138 est.
692 1081 888 1138 Malum
932 1094 1142 1138 veneno
1184 1085 1466 1154 propinato
1518 1084 1841 1154 ascriptum3
1902 1086 2130 1141 ministri
2175 1084 2425 1155 sceleris,

191 1173 532 1231 Ger-rannus
561 1169 790 1240 Otingae
817 1169 1132 1227 decollatus.
1153 1174 1251 1242 est,
1281 1172 1420 1226 alius
1466 1173 1521 1227 in
1564 1171 1769 1228 Italiam
1817 1172 2052 1243 elapsus.
2124 1172 2423 1243 Rodburgis

191 1261 460 1333 quaedam
504 1258 787 1331 Epilingae
814 1261 914 1329 (an
952 1258 1239 1328 Eslingae)
1280 1260 1574 1330 suspendio
1623 1262 1840 1318 interiit.
1913 1261 2209 1332 Imperator
2251 1261 2430 1318 nihilo*

191 1352 376 1407 secius
420 1348 642 1416 navigio
668 1348 724 1401 iu
752 1343 1044 1402 lsanricum
1069 1347 1425 1405 rebellantem
1467 1351 1646 1420 movit,
1687 1349 2061 1420 hominemque
2094 1348 2423 1404 Mantarensi

195 1439 398 1512 oppido
429 1441 597 1504 (nunc
621 1446 837 1507 quoque
860 1436 916 1490 in
942 1433 1159 1492 Austria
1185 1438 1345 1505 noto)
1368 1437 1650 1510 inclusum,
1681 1452 1799 1494 cum
1826 1449 1993 1494 uxore
2019 1439 2074 1492 in
2096 1438 2424 1495 deditionem

195 1529 446 1598 accepit:
476 1527 568 1595 qui
595 1523 839 1579 custodia
867 1523 1103 1595 elapsae,
1131 1524 1197 1580 ad
1224 1525 1474 1582 bloravos
1504 1525 1753 1596 profugit.

333 1616 392 1672 6.
467 1614 786 1682 Engel-aro
834 1610 1212 1669 Batavensium
1255 1616 1482 1669 antistiti
1523 1617 1633 1671 vita
1677 1612 1877 1686 functo,
1938 1629 2225 1672 successor
2268 1617 2425 1672 datur

194 1705 479 1774 wiaingns
519 1703 739 1759 mtioae
766 1698 1130 1757 Allemannus.
1201 1701 1361 1759 Extat
1398 1702 1642 1772 diploma·
1677 1703 1816 1774 apud
1845 1703 2174 1773 Gewoidum,
2218 1718 2325 1775 quo
2372 1706 2426 1761 el

196 1795 611 1865 imperatorias
628 1790 776 1847 urbis
803 1787 1098 1861 confirmat,
1121 1789 1283 1860 quale
1308 1789 1465 1846 Utile·
1491 1795 1547 1846 et
1573 1791 1784 1847 Tassilo
1814 1794 2214 1849 concesserant.
2289 1792 2426 1849 itan

199 1883 329 1939 oli-
365 1881 614 1937 moravis
631 1880 692 1934 ia
715 1877 987 1935 Pannonia
1014 1878 1195 1934 datum
1224 1880 1551 1950 episcopum,
1579 1882 1635 1934 et
1662 1892 1761 1947 per
1790 1878 1892 1935 lios
1918 1883 2192 1950 proximos
2220 1879 2423 1936 tumul-

201 1975 284 2027 tas
311 1968 548 2041 pulsum,
572 1970 865 2040 imperator
892 1966 1011 2022 sedi
1036 1968 1250 2023 vacanti
1276 1966 1645 2039 praefecerat;
1686 1966 1829 2035 quod
1868 1980 1976 2023 non
2021 1969 2258 2037 iniquum
2288 1969 2426 2026 etin

198 2058 538 2116 nanetensi
580 2058 638 2113 et
683 2055 1068 2125 Bardegalensi
1106 2057 1344 2111 antistite
1384 2069 1557 2124 nuper
1593 2055 1899 2124 admissum,
1940 2055 2200 2111 Bavariae
2245 2061 2427 2113 tamoe

197 2148 440 2220 episcopi
457 2142 845 2214 improbavere.
916 2144 1104 2215 ltaque
1141 2150 1348 2215 postea,
1389 2147 1629 2202 extincto
1661 2140 2019 2214 Arnulfo,sub
2048 2145 2200 2214 pueri
2228 2158 2416 2216 regno,

198 2236 473 2293 scatentia
500 2246 684 2289 eorum
714 2231 1044 2288 aDeotmaro
1059 2232 1338 2302 Wibingus
1369 2234 1613 2301 dejectus
1633 2231 1755 2288 loco
1787 2236 1885 2302 est,
1900 2231 2141 2288 Ricbario
2161 2232 2424 2290 ordinato.

342 2326 394 2379 7.
466 2321 763 2390 imperator
787 2319 1041 2376 Arnulfus
1076 2320 1215 2377 malo
1237 2323 1433 2399 victus,
1473 2321 1525 2376 3.
1553 2321 1671 2376 Kal.
1708 2319 1962 2377 Decemb.
1991 2319 2141 2392 obiit,
2171 2335 2238 2377 ex
2266 2323 2428 2378 testi-

198 2414 381 2471 monio
410 2410 702 2479 Reginonis
729 2412 893 2480 atque
917 2409 1256 2467 metensium.
1329 2410 1626 2466 Aventinus
1668 2410 1833 2466 babet
1876 2412 1927 2469 6.
1983 2411 2203 2467 Veneno
2234 2409 2428 2468 subla-

201 2504 330 2570 tun,
395 2502 575 2555 certus
633 2502 788 2554 autor
829 2497 1094 2553 annalista
1132 2498 1416 2555 Fuldensis
1461 2498 1656 2571 prodit,
1701 2498 1849 2555 nulla
1883 2499 2208 2568 pedicularis
2254 2498 2426 2555 morbi

200 2589 506 2654 mentione3
537 2600 696 2657 quem
723 2584 1076 2656 Luitprandus
1104 2584 1384 2657 fabulator,
1427 2592 1485 2643 ut
1513 2586 1616 2641 alia
1644 2588 1825 2657 arulta,
1854 2600 1923 2642 ex
1949 2588 2255 2657 longinquis
2282 2587 2428 2657 vulgi

199 2675 507 2733 rumoribus
536 2676 748 2746 retulit;
791 2688 897 2747 quo
925 2674 1291 2733 manifestiore
1320 2675 1531 2730 scilicet
1561 2673 1659 2728 Del
1681 2675 1884 2744 judicio
1912 2676 2127 2744 punitus
2157 2674 2430 2732 videretur

205 2765 274 2821 ob
301 2766 601 2839 ilungaros,
630 2766 678 2820 si
705 2763 810 2820 diis
838 2763 1032 2836 placet,
1073 2762 1374 2820 christiane
1394 2763 1519 2820 orbi
1552 2756 1853 2829 immissos3
1910 2754 2042 2832 quas
2070 2754 2240 2832 nugas
2266 2748 2431 2832 supra

207 2855 554 2925 explosimns.
625 2851 830 2908 Passim
858 2858 917 2909 ut
945 2851 1218 2908 crudelem
1235 2857 1292 2907 et
1319 2850 1572 2907 stolidum
1596 2850 1837 2919 traducit,
1868 2850 2007 2904 odiis
2031 2850 2283 2906 italorum
2303 2865 2427 2907 cre-

207 2943 378 2998 dulus.
452 2941 561 2997 Sed
589 2941 932 3011 moderatum,
973 2946 1030 2996 et
1057 2942 1393 3007 ingeniosum
1425 2943 1481 2993 et
1509 2936 1715 3008 fortem,
1744 2942 1898 3007 gesta
1941 2935 2185 3007 probant.
2254 2938 2430 2995 Etiam

207 3031 558 3103 expilatamm
584 3030 935 3089 ecclesiarum
959 3030 1268 3084 accusatur:
1301 3027 1398 3081 sed
1429 3025 1591 3082 multa
1618 3028 1827 3096 passim.
1844 3027 1977 3082 vitio
2008 3031 2302 3097 temporum
2331 3026 2433 3082 ad-

207 3122 421 3175 mittere
447 3119 639 3189 optimi
660 3121 931 3191 principes
961 3116 1288 3186 cogebantur
1312 3117 1642 3173 necessitate
1669 3115 2032 3186 reipublicae,
2051 3129 2122 3171 ne
2151 3106 2432 3171 abaliena-

207 3212 328 3269 reat
353 3220 630 3279 proceres,
670 3222 769 3277 per
796 3220 933 3277 quos
962 3204 1202 3262 barbaris
1248 3202 1606 3261 resistendum
1651 3207 1784 3260 erat.
1856 3202 2036 3274 Ipsam
2079 3207 2136 3259 in
2164 3203 2432 3259 ecclesias

207 3300 408 3368 passim
435 3295 716 3352 liberalem
746 3294 934 3366 luisse,
963 3298 1188 3351 constat.
1225 3295 1278 3351 S.
1299 3294 1600 3349 Emmerani
1628 3294 2006 3349 monasterium
2027 3295 2234 3362 struxit,
2253 3291 2435 3347 Ratis—

208 3385 404 3444 bonam
443 3386 697 3443 incendio
727 3382 1077 3441 deformatam
1119 3383 1403 3454 reparavit.
1475 3380 1811 3439 Normannos
1851 3380 2149 3450 insignibus
2192 3381 2434 3436 victoriis

208 3477 490 3546 repressit,
504 3474 799 3544 ilungaros,
824 3473 947 3528 dum
963 3475 1110 3543 vixit,
1138 3471 1450 3536 absterruit;
1478 3484 1592 3527 rem
1607 3469 1874 3542 publicam
1900 3467 2264 3527 Germanicam
2285 3472 2434 3525 recte

208 3565 510 3634 ordinavlt3
538 3561 677 3619 alios
703 3562 1020 3617 Francorum
1045 3572 1201 3653 reges
1221 3557 1379 3629 ferre,
1408 3574 1567 3628 quam
1584 3559 1928 3614 christianum
1963 3558 2147 3614 orbem
2176 3556 2434 3613 caedibus

211 3651 433 3723 inplere
462 3651 666 3707 maluit.
736 3650 870 3706 Nam
915 3651 963 3705 si
1003 3648 1299 3718 annuisset,
1339 3653 1551 3717 poterat
1590 3660 1688 3719 per
1713 3646 2004 3702 Falconem
2045 3649 2205 3702 etiam
2248 3645 2433 3701 Gallos

210 3738 407 3796 babere
434 3740 494 3795 in
520 3742 808 3808 potestate.
882 3738 963 3793 lta
991 3735 1151 3792 facile
1179 3738 1232 3792 in
1264 3735 1445 3792 Crassi
1475 3736 1646 3806 patrui
1675 3737 2009 3791 autoritatem
2047 3735 2431 3789 successisset.

211 3826 314 3884 Sed
343 3829 482 3884 satis
510 3825 714 3897 babuit,
757 3842 791 3883 a
834 3827 1064 3882 caeteris
1099 3827 1322 3893 agnosci
1364 3828 1588 3881 comitet
1630 3827 1967 3894 majestatem
2010 3837 2175 3878 suam.
2230 3822 2435 3891 Regino

212 3915 440 3986 otingae
469 3914 785 3971 tumulatum
812 3916 1059 3986 scripsit:
1088 3912 1322 3970 fortasse
1349 3914 1481 3970 illuc
1506 3915 1719 3968 viscera
1746 3912 1925 3968 delata
1967 3916 2113 3966 sunt.
2187 3911 2435 3967 Certiora

212 4002 495 4060 laisaris
522 4001 821 4059 annalistae
851 4005 1174 4073 testimonio,
1227 4005 1312 4058 cui
1355 4006 1697 4058 monumenta
1737 4000 1845 4055 loci
1886 3999 2254 4071 astipulantur,
2295 4000 2351 4053 in
2377 3996 2433 4052 S.

214 4088 517 4149 Emnerani
545 4092 684 4149 aede
709 4089 1032 4147 Ratisbonae
1061 4089 1264 4146 tumulo
1280 4089 1462 4146 illatus
1489 4094 1591 4159 est,
1622 4090 1866 4160 exequiis
1882 4090 2033 4157 'regia
2048 4102 2240 4160 pompa
2256 4085 2432 4141 factis.

218 4179 292 4236 lbi
320 4186 376 4237 et
402 4180 735 4238 mausoleum
763 4185 927 4252 extat,
956 4184 1011 4235 et
1035 4185 1257 4236 notante
1277 4180 1541 4235 Aventino
1564 4190 1632 4234 ex
1662 4182 1983 4234 testamento
2030 4192 2197 4249 panes
2226 4187 2435 4244 paupe-

219 4269 364 4327 ribus
404 4274 707 4337 erogantur.
775 4267 910 4337 Ejus
953 4267 1356 4325 confessionem
1401 4267 1469 4324 de
1527 4280 1754 4338 corpore
1808 4266 2005 4324 Christi
2050 4270 2105 4323 in
2148 4264 2435 4321 sententiis

224 4356 343 4430 lect,
375 4356 623 4416 siffridus
648 4354 926 4429 presbyter
953 4358 1185 4428 scripsit.
2236 4410 2243 4419 ,

354 4449 409 4505 8.
476 4446 666 4506 Platea
690 4444 774 4504 illi
798 4461 996 4507 uxores
1024 4448 1277 4520 copulant
1301 4448 1652 4520 recentiores,
1692 4444 1841 4505 nulla
1867 4440 2105 4502 veterum
2131 4440 2433 4499 anteritate.
