2817 4959
527 315 660 389 350
1107 313 1643 388 ANNALES
1704 317 2169 390 IMPERII

279 489 506 568 &m
529 494 676 554 heli.
745 495 805 553 st
846 497 988 569 qaod
1030 498 1300 554 extitisset
1341 497 1453 555 tale
1490 503 1888 556 monumentum
1924 495 2031 557 flde
2071 499 2301 573 dignum,
2340 501 2396 558 id
2436 503 2518 558 vir
2574 503 2817 576 aliqu-t:

519 586 757 657 prudeus
811 587 1055 643 studiose
1109 591 1500 644 conservasset.
1590 587 2075 660 Spangenbergins,
2130 589 2435 662 Stumpiius,
2490 592 2817 664 liu-dina*

519 675 828 740 eutitanus,
867 676 1198 748 leibomius,
1244 677 1549 732 Brunnerus
1589 676 1788 749 aliique
1826 680 1927 733 viri
1969 678 2115 734 docti
2157 678 2350 735 dudum
2392 680 2799 739 damnatio-is

519 767 844 822 mtentiam
871 769 1288 838 pronuntiarunt.
1345 765 1548 837 Caspar
1574 766 1904 839 Sagittarius,
1932 768 2014 821 vir
2039 767 2316 839 praeclare
2339 767 2560 840 doctus,
2620 770 2793 828 mh&

519 865 799 911 censuram
840 857 1022 927 operis
1064 854 1217 911 titulo
1259 854 1490 910 Ruxneri
1519 854 1814 912 exenterati
1853 857 2128 928 promisit:
2167 856 2266 913 sed
2303 857 2435 912 nibil
2472 859 2611 915 tale
2648 862 2797 916 inter

520 948 639 1015 ejus
667 944 1068 1018 paralipomena
1093 947 1361 1016 repertum
1395 948 1494 1014 est,
1534 945 1640 1000 nisi
1668 945 1811 1015 quod
1840 949 1928 1000 est
1956 947 2010 1001 in
2039 947 2415 1016 manuscriptis
2445 949 2582 1016 ejus
2624 947 2791 1006 Ιοω

516 1036 680 1092 valde
704 1034 957 1091 notabilis
985 1040 1042 1091 et
1068 1033 1303 1106 prolixus
1333 1033 1401 1090 de
1429 1033 1676 1090 Ruxnero
1696 1034 1748 1091 ¹⁸.
1796 1034 2111 1089 Franciscus
2137 1034 2366 1104 modius,
2395 1035 2481 1091 his
2509 1041 2711 1107 nugis
2740 1041 2789 1092 in

518 1121 760 1180 Latinum
781 1125 974 1194 versis,
1001 1129 1206 1195 partem
1234 1122 1616 1179 Pandectarum
1645 1123 2033 1195 triumphalium
2054 1123 2312 1195 implevit.
2359 1123 2427 1178 Et
2441 1124 2789 1182 Nothaflius

516 1225 700 1269 eomes
739 1213 880 1286 apud
907 1211 1238 1285 Speidelium
1284 1210 1583 1282 apologiam
1628 1213 1865 1284 paravit3
1925 1212 2136 1267 scilicet
2181 1214 2305 1283 quia
2350 1212 2787 1270 Notham'om

513 1305 675 1364 homo
720 1305 920 1362 oblitus
963 1318 1073 1360 non
1121 1305 1252 1359 erat.
1318 1298 1573 1356 Balbinus
1619 1302 1794 1373 etiam,
1838 1314 1947 1358 non
1985 1300 2157 1358 malus
2197 1301 2399 1371 alioqui
2439 1303 2652 1375 jadex,
2700 1304 2791 1357 hic

514 1399 676 1453 inane
705 1394 1053 1468 patrocinium
1079 1391 1356 1464 profligato
1386 1390 1553 1445 errori
1579 1391 1800 1461 paravit.

658 1486 742 1542 13.
825 1483 1000 1552 Leges
1045 1480 1288 1536 ludorum
1334 1479 1489 1548 quasi
1544 1476 1610 1533 ab
1656 1476 1890 1533 ilenrico
1942 1482 2127 1534 nostro
2180 1477 2336 1548 latas,
2390 1478 2785 1537 Sebastianus

514 1574 817 1631 Hlunsterus
872 1566 1310 1640 cosmographiae
1364 1578 1513 1637 suae,
1568 1565 1854 1622 Goldastus
1901 1568 2061 1623 etiam
2109 1567 2527 1625 collectionibus
2574 1584 2781 1627 rer-n
2816 1591 2817 1602 ¹

512 1664 884 1734 imperialium,
921 1660 1026 1717 etsi
1054 1659 1358 1730 suppositas
1388 1654 1645 1727 crederet,
1673 1657 1913 1713 inseruit.
1968 1657 2047 1712 lbi
2072 1656 2239 1727 prima
2265 1657 2356 1712 lex
2385 1660 2624 1714 curiatis
2657 1659 2779 1715 illia

517 1752 746 1810 comitiis
775 1749 842 1807 ah
860 1747 1095 1806 ilenrico
1122 1749 1241 1817 ipso
1264 1748 1496 1816 rogatur,
1524 1758 1594 1800 ne
1621 1745 1772 1814 impii
1791 1743 2155 1815 admittantur3
2186 1746 2424 1801 secunda
2443 1761 2479 1802 a
2500 1747 2774 1804 Conrado
2814 1773 2817 1876 Ι

513 1841 771 1915 palatino,
798 1852 869 1896 ue
895 1835 1232 1911 perduelles3
1274 1837 1429 1890 tertia
1460 1848 1491 1889 a
1519 1834 1655 1889 duce
1681 1833 2027 1905 Franconiae,
2066 1848 2137 1891 ne
2164 1835 2516 1907 desertores;
2563 1842 2774 1909 quarm
2816 1901 2817 1906 γ

515 1946 548 1987 a
577 1931 714 1987 duce
740 1929 988 1995 Sneviae,
1027 1940 1098 1981 ne
1139 1922 1419 1980 mulierum
1460 1921 1833 1985 infamatores;
1877 1924 2059 1993 quinta
2100 1938 2130 1978 a
2173 1924 2310 1980 duce
2350 1923 2657 2000 Bavariae,
2701 1937 2777 1982 ne

512 2023 711 2095 periuri
738 2018 828 2075 vel
855 2016 1012 2072 aliter
1036 2011 1283 2069 infames.
1339 2010 1597 2066 Caeteros
1627 2011 1880 2066 articulos
1909 2010 1999 2066 alii
2028 2011 2151 2066 ludo
2181 2010 2443 2083 praefecti
2477 2015 2769 2086 adjecere,
2812 1959 2817 2054 ἱ

513 2109 580 2165 ad
617 2109 880 2165 decimum
919 2113 1093 2174 usque
1135 2106 1318 2156 contra
1357 2097 1666 2170 parricidas,
1707 2099 2020 2167 sacrilegos,
2059 2106 2320 2171 raptores,
2358 2116 2764 2174 concussores,

512 2195 799 2251 adulteros.
870 2189 1192 2248 Undecimus
1219 2203 1282 2244 ac
1311 2186 1655 2242 duodecimus
1685 2186 1950 2242 debentur
1981 2190 2232 2258 mag-istro
2260 2187 2514 2260 Phiiippo
2559 2207 2762 2250 secre-
2812 2153 2817 2262 1

511 2285 647 2338 tario
675 2283 848 2350 regis;
889 2277 1081 2350 quibus
1111 2279 1343 2343 cavetur,
1370 2280 1431 2330 ut
1456 2274 1668 2330 nobiles
1696 2281 1990 2331 mercatura
2017 2275 2334 2350 abstineant,
2364 2284 2421 2333 et
2448 2285 2515 2335 ut
2547 2283 2764 2338 nobili·

509 2375 596 2426 tas
624 2384 691 2426 ex
720 2373 944 2440 quatuor
984 2367 1099 2420 avis
1137 2362 1407 2435 probetur.
1484 2363 1541 2419 ln
1583 2369 1816 2419 mentem
1857 2364 2143 2434 aliquando
2182 2367 2346 2437 venit,
2388 2370 2435 2422 si
2466 2372 2611 2438 quid
2644 2373 2758 2427 veri
2810 2341 2817 2454 †

507 2457 665 2530 inest,
695 2457 761 2513 ad
788 2455 1070 2512 lieni-icum
1097 2451 1183 2507 VI.
1211 2451 1402 2508 reterri
1445 2450 1663 2519 debere,
1710 2454 1862 2521 cujus
1903 2457 2119 2524 patruus
2149 2453 2426 2511 conradus
2467 2459 2761 2529 palatinus
2816 2467 2817 2480 ¹

506 2544 678 2602 Rheni
716 2547 858 2602 inter
894 2556 1149 2615 proceres
1193 2542 1402 2612 imperii
1451 2540 1750 2596 eminebat:
1810 2556 2109 2611 quanquam
2149 2541 2478 2600 Franconiae
2526 2546 2647 2602 dux
2693 2561 2757 2604 ee
2814 2537 2817 2620 i

507 2639 749 2708 tempore
778 2633 1014 2703 abesset,
1060 2646 1156 2704 pro
1186 2643 1290 2702 quo
1320 2630 1588 2687 saxoniae
1626 2628 1736 2699 legi
1778 2631 1971 2703 malim,
2010 2633 2100 2701 qui
2143 2632 2439 2687 Bernartius
2468 2634 2757 2692 Ascanius

508 2722 818 2781 habebatur.
879 2722 948 2778 Et
975 2735 1104 2777 vero
1126 2726 1236 2792 jam
1277 2723 1386 2775 tum
1416 2732 1482 2776 eo
1511 2724 1752 2790 tempore
1792 2725 2011 2790 recepta
2041 2724 2194 2776 erant
2231 2725 2577 2779 tornamenta
2606 2724 2757 2797 apud
2816 2743 2817 2754 ¹

510 2811 696 2869 Gallos
724 2811 1064 2882 Anglosque3
1108 2816 1165 2865 ut
1208 2807 1370 2865 facile
1410 2807 1639 2878 credam,
1681 2805 1957 2865 Germanis
1987 2810 2148 2865 etiam
2183 2812 2428 2881 usurpari
2465 2816 2759 2885 coepisse,

510 2904 566 2958 et
592 2907 720 2958 tunc
747 2904 968 2973 primum
998 2898 1137 2970 apud
1163 2912 1262 2956 eos
1289 2895 1467 2967 legem
1496 2895 1729 2953 subisse.

651 2991 738 3047 ss.
809 2989 1047 3045 'tornare
1087 2992 1170 3043 est
1210 2988 1262 3041 in
1306 3000 1487 3057 gyrum
1529 2999 1689 3055 agere
1730 2986 1869 3058 apud
1910 2983 2145 3058 Latinos,
2185 3000 2220 3042 a
2254 2985 2448 3059 quibus
2476 2987 2755 3047 barbaros

506 3089 697 3134 vocem
725 3079 989 3133 sumsisse
1015 3080 1212 3146 putem.
1262 3072 1415 3131 Unde
1443 3073 1575 3130 iilud
1609 3080 1789 3145 torna,
1816 3078 1998 3146 torna,
2026 3087 2125 3132 seu
2157 3081 2341 3147 „verte
2357 3076 2665 3152 habenas“,
2695 3083 2751 3135 h

505 3165 732 3222 historia
772 3164 1032 3220 miscella.
1097 3163 1337 3220 liabetur
1364 3167 1419 3219 et
1446 3160 1665 3219 Graecis
1692 3167 1942 3237 τορευτὴς.
1982 3170 2228 3239 τορεύειν,
2270 3169 2326 3221 et
2352 3165 2751 3225 Germanorum

510 3249 776 3325 „drehen‘¹
805 3263 912 3308 uon
939 3252 1170 3317 abludit3
1202 3255 1258 3308 et
1276 3266 1382 3322 quo
1401 3251 1578 3307 miuus
1600 3249 1854 3323 dubitem,
1875 3256 2052 3308 omnia
2073 3266 2200 3309 esse
2219 3268 2251 3309 a
2270 3260 2557 3325 communi,
2578 3256 2634 3312 id
2656 3261 2750 3314 est

507 3337 944 3411 celto-scythico
987 3337 1136 3396 fonte
1174 3340 1404 3410 ipsoque
1441 3351 1576 3395 sono
1602 3338 1850 3396 vocabuli
1877 3353 1990 3397 rem
2021 3343 2371 3416 exprimente,
2408 3357 2517 3414 quo
2545 3344 2746 3402 ultima

507 3432 759 3505 pertingit
786 3429 1138 3500 etymologica
1166 3428 1428 3499 anniysis3
1459 3427 1677 3484 Graecis
1699 3433 1925 3498 cognata
1941 3443 2079 3486 voce
2104 3435 2311 3503 τρέχειν
2330 3433 2611 3503 „vertere“
2632 3440 2745 3504 est,

506 3519 741 3591 trochus,
774 3521 894 3592 „qui
915 3515 1304 3586 convertitur“;
1332 3520 1388 3572 et
1409 3517 1740 3588 crediderim,
1769 3518 1892 3574 hinc
1917 3521 2197 3587 trojamina
2224 3520 2384 3578 dicta.
2444 3521 2561 3578 ,Ια-
2585 3524 2738 3579 enim

508 3609 648 3682 apud
671 3607 966 3678 Virgilium,
997 3607 1064 3662 de
1090 3605 1230 3662 ludis
1258 3607 1600 3677 equestribus
1629 3620 1725 3678 per
1751 3621 1910 3676 gyros
1939 3610 2223 3665 exercitis:

895 3697 1163 3768 Trojaque
1189 3709 1334 3751 nnnc
1355 3696 1529 3766 pueri,
1571 3696 1864 3762 Trojamem
1891 3698 2093 3752 dicitnr
2117 3710 2310 3769 cymen
2323 3714 2343 3765 ,-

507 3788 613 3844 etsi
639 3785 750 3856 ille,
778 3789 837 3842 ut
862 3789 1074 3855 poetam
1105 3784 1347 3857 decebat,
1384 3787 1638 3855 originem
1669 3785 1732 3840 ad
1763 3784 2018 3853 Troianos
2045 3786 2302 3842 retulerit.
2358 3784 2733 3854 Antiquissimi

506 3887 634 3944 ergo
664 3881 788 3931 sunt
814 3874 867 3929 hi
895 3874 1021 3946 ludi,
1061 3874 1108 3927 si
1137 3878 1241 3928 tam
1273 3875 1449 3945 ample
1477 3877 1762 3929 sumantur.
1815 3873 2005 3943 Neque
2031 3873 2174 3930 aliud
2199 3872 2360 3931 nobis
2388 3888 2541 3946 quam
2568 3881 2732 3947 aptus

505 3963 763 4018 decursus
804 3963 1081 4032 flexusque
1123 3962 1259 4034 apud
1301 3961 1609 4018 Nithardum
1650 3967 1707 4019 et
1746 3961 1994 4018 simulata
2033 3965 2325 4019 certamina
2364 3962 2589 4019 militum
2628 3977 2733 4020 ex-

500 4049 702 4122 hibent,
751 4063 886 4121 quos
926 4049 1227 4107 Ludovicus
1255 4049 1598 4107 Germanicus
1627 4055 1682 4107 et
1710 4049 1947 4122 Carolus,
1987 4065 2083 4107 rex
2118 4049 2438 4108 francorum
2467 4052 2729 4109 occiden-

501 4138 701 4210 talium,
730 4141 1006 4207 congressi
1035 4144 1088 4195 in
1113 4143 1364 4196 comitatu
1387 4137 1673 4195 habebant.
1720 4139 1798 4194 lta
1824 4154 1996 4210 nuper
2021 4141 2256 4196 Bavarus
2284 4141 2380 4197 ille
2408 4141 2551 4212 apud
2577 4140 2731 4198 Luit·

499 4226 773 4300 piandum,
816 4226 882 4283 ab
925 4227 1169 4284 Hubaldo
1207 4228 1542 4301 interfectus,
1584 4227 1872 4285 flexibilem
1915 4243 2109 4301 equum
2150 4229 2317 4287 mulia
2342 4234 2460 4285 arte
2486 4229 2724 4299 regebat.

578 4373 634 4424 ⁰)
661 4371 1143 4423 estin—Remoto,
1178 4373 1333 4415 enim
1364 4373 1587 4435 ἥρωι-μ,
1629 4371 2064 4427 «malmintun,
2102 4373 2623 4426 lec-munumina,
2655 4374 2724 4416 ula·

653 4448 806 4496 postca
832 4442 995 4483 addidit
1021 4442 1281 4483 Leaniticum·
1310 4442 1474 4494 Credo,
1504 4443 1583 4486 uhi
1611 4444 1670 4486 de
1698 4443 1864 4489 ducatu
1882 4443 2174 4498 Thus-luite.
2215 4443 2271 4488 In
2287 4444 2539 4500 upon-plo
2555 4443 2721 4489 lecu*

656 4512 788 4556 diano
813 4511 902 4557 nisi
932 4509 1051 4565 quod
1078 4530 1131 4542 --
1159 4511 1371 4557 &nero
1395 4515 1666 4558 mansur.
