2817 4959
797 215 1339 350 ANNALBS:
1403 281 1868 354 munli
2360 291 2444 357 45

189 469 229 512 a
261 454 455 525 caliga
478 454 717 524 militari,
745 454 813 509 ad
840 454 1074 511 honores
1102 457 1410 512 ascendant.
1482 459 1530 513 A
1555 458 1741 515 Photio
1769 462 1947 533 exigit,
1974 464 2035 517 nt
2056 464 2272 520 venian
2297 467 2449 537 potat
2466 466 2691 539 μω,

188 546 251 600 in
284 544 543 615 synod03
584 548 642 599 nt
671 556 859 599 omnes
888 547 1081 600 tractet
1119 546 1383 610 suaviter3
1425 552 1484 601 ut
1509 547 1803 617 Bnlgariarn
1830 552 2091 608 restituat.
2163 551 2444 612 Postremo

190 634 255 688 in
286 632 537 704 epistola
564 633 633 687 ad
662 632 1299 703 constantinopolitanos,
1328 634 1382 688 id
1414 639 1499 689 est
1526 635 1592 696 ad
1619 632 1928 709 Johannem,
1955 638 2193 697 Leonem
2221 648 2275 697 et
2301 641 2444 697 Pau-

190 721 314 777 lum
340 722 615 792 patritios,
645 722 957 793 Styllannm,
983 719 1279 776 Johannem
1308 727 1364 777 et
1384 721 1784 793 Metrophanem
1811 730 2191 800 metropolitas,
2219 745 2443 786 ornnes-

196 824 313 881 qne
342 809 585 865 clericos
614 815 671 864 et
696 809 883 878 laicos,
921 809 1256 865 concordiam
1287 812 1636 881 commendat,
1676 818 1734 868 et
1760 817 2024 870 revocatis
2050 819 2289 874 censuris
2321 834 2441 877 cnm

198 897 433 953 Gelasio
462 903 665 968 monet,
704 899 908 953 nullum
953 911 1078 954 esse
1116 898 1378 954 vinculum
1423 899 1731 972 insolubile,
1771 904 1875 957 nisi
1920 906 2060 958 cirea
2101 917 2212 976 eos,
2252 909 2344 976 qui
2381 910 2442 966 in

198 1000 395 1042 errore
434 991 755 1057 persistunt.
838 986 898 1041 ln
940 988 1339 1042 commonitorio
1379 1003 1414 1042 a
1452 986 1638 1043 Photio
1679 991 2002 1060 interpolato
2044 995 2183 1048 iuter
2228 999 2439 1051 caetera

201 1081 445 1145 caretur,
484 1080 544 1128 nt
573 1074 811 1145 synodus
839 1073 1020 1129 habita
1048 1075 1301 1130 adversus
1329 1075 1568 1130 Photium
1595 1078 1744 1132 irrita
1769 1077 2042 1150 habeatur,
2084 1094 2260 1151 neque
2299 1086 2438 1140 inter

203 1167 427 1220 sanctas
454 1165 698 1234 synodos
726 1167 1058 1232 numeretur;
1088 1177 1225 1232 quae
1253 1162 1417 1219 verba
1441 1162 1669 1219 Iohanni
1695 1165 1972 1222 tribuenda
2001 1183 2107 1224 non
2137 1169 2315 1227 credo.

343 1252 435 1308 35.
512 1251 722 1323 Nempe
751 1266 869 1306 cnm
899 1252 1061 1307 multa
1101 1255 1286 1307 esseut
1323 1266 1357 1307 a
1395 1251 1646 1322 pontifice
1685 1256 1902 1325 scripta,
1949 1270 2089 1325 qnae
2127 1273 2236 1313 non
2263 1258 2432 1315 Photii

206 1344 428 1411 tantum,
458 1341 560 1396 sed
589 1345 647 1396 et
675 1342 1011 1410 imperatoris
1041 1345 1095 1394 et
1122 1340 1823 1412 constantinopolitanorum
1850 1357 2007 1400 aures
2036 1344 2172 1401 haud
2203 1346 2432 1416 ferrent5

208 1430 424 1487 Photius
456 1431 642 1484 literas
672 1431 726 1484 ia
745 1442 896 1484 suam
912 1432 1231 1498 potestatem
1250 1429 1510 1499 redactas,
1539 1435 1814 1498 praetextu
1836 1434 2078 1489 vertendi
2096 1437 2152 1491 in
2171 1435 2430 1492 Graecum

209 1532 517 1574 sermonem
554 1533 654 1587 pro
683 1517 901 1571 arbitrio
932 1518 1164 1587 mutavit,
1208 1522 1261 1571 et
1288 1516 1476 1587 quales
1506 1515 1709 1574 Graece
1750 1518 1970 1588 fecerat,
2011 1524 2066 1578 in
2094 1524 2298 1594 synodo
2327 1525 2434 1593 legi

202 1609 396 1674 inssit3
434 1608 632 1676 legatis
662 1610 750 1661 aut
778 1607 977 1673 ignaris
1014 1608 1106 1660 aut
1140 1606 1529 1662 colludentibus
1558 1608 2051 1679 ignorationemque
2079 1609 2431 1679 fingentibus:

208 1708 331 1751 aaut
357 1701 549 1766 postea
578 1695 934 1763 corruptionis
961 1696 1199 1748 accusati
1227 1699 1364 1748 sunt.
1439 1694 1587 1757 Quae
1614 1695 1855 1766 pontifex
1883 1699 1949 1754 de
1977 1699 2124 1755 sedis
2151 1713 2286 1756 snae
2308 1704 2434 1757 nni·

215 1785 415 1840 versati
439 1788 723 1853 potestate,
754 1782 821 1837 de
842 1783 1217 1838 summissione
1240 1783 1553 1851 principum,
1580 1782 1650 1839 de
1671 1798 1768 1840 sua
1800 1787 2145 1856 dispensandi
2176 1787 2434 1845 facultate

222 1870 633 1940 magnificentius
678 1871 901 1942 dixerat,
942 1869 1161 1925 Photius
1204 1869 1267 1924 ad
1296 1874 1535 1925 veterum
1574 1871 1880 1939 pontificum
1919 1876 2231 1931 modestiam
2269 1889 2433 1932 revo-

225 1963 392 2029 cavit;
418 1960 597 2015 landes
626 1962 1003 2030 imporatorum
1034 1959 1245 2013 tenuius
1274 1957 1446 2013 dictas
1475 1956 1678 2029 extulit,
1706 1959 2066 2017 conditionem
2085 1960 2190 2016 sibi
2216 1965 2431 2032 injunc-

219 2053 325 2105 ta·
348 2050 613 2118 petendae
641 2051 835 2105 veniae
865 2047 1023 2119 plane
1052 2048 1370 2118 suppressit.

348 2136 434 2192 36.
515 2138 655 2192 Acta
702 2137 892 2206 synodi
936 2136 1240 2207 Photianae,
1285 2147 1474 2191 mense
1514 2135 1804 2193 Novembri
1847 2136 2002 2207 hujus
2049 2141 2172 2196 anni
2199 2139 2430 2212 habitae,

210 2226 413 2283 Graeca
448 2228 506 2283 in
533 2225 860 2281 bibliotheca
888 2224 1161 2295 Vaticana,
1198 2225 1507 2293 augustana
1553 2228 1609 2279 et
1635 2223 1994 2299 Gelu-nensi,
2035 2242 2154 2284 cum
2182 2232 2429 2300 epistolis

206 2313 481 2385 lobannis,
511 2315 899 2371 transformatis
938 2317 1115 2385 potius
1156 2327 1312 2383 quam
1354 2313 1640 2384 translatis,
1679 2319 1889 2384 reperta
1930 2320 2067 2387 sunt,
2110 2316 2302 2387 quibus
2341 2322 2431 2376 usi

210 2409 327 2459 sunt
355 2404 619 2461 Batonius
660 2408 715 2459 et
752 2402 1006 2459 liederus.
1077 2400 1158 2457 Ex
1197 2403 1265 2456 iis
1306 2405 1542 2472 apparet,
1586 2403 1872 2474 episcopos
1912 2402 2131 2460 affuisse
2171 2407 2292 2462 383.
2368 2406 2428 2464 ln

210 2494 372 2563 prima
400 2494 618 2548 actione
643 2491 934 2561 lohannes,
975 2489 1270 2556 Heracleae
1297 2488 1554 2546 Thraciae
1584 2494 1883 2563 episcopus,
1926 2491 2204 2549 Nicolaum
2232 2498 2288 2549 et
2313 2494 2429 2551 Ha-

211 2581 446 2637 drianum
477 2584 713 2646 accusat,
740 2578 1035 2635 Johannem
1063 2577 1257 2634 laudat.
1311 2579 1375 2635 ln
1402 2579 1571 2634 altera
1589 2581 1803 2635 actione
1820 2581 2077 2638 recitatae
2096 2588 2220 2638 sunt
2237 2583 2430 2639 literae

209 2668 463 2726 «iohannis
493 2669 559 2723 ad
587 2671 962 2738 imperatorem
1003 2672 1060 2724 et
1094 2667 1360 2739 epistolae
1400 2666 1815 2738 patriarcharum
1859 2670 2098 2725 orientis.
2170 2668 2230 2725 ln
2271 2674 2429 2729 tertia

214 2760 343 2814 aliae
370 2758 552 2814 lectae
582 2761 702 2811 sunt
731 2754 995 2826 epistolae
1020 2754 1292 2827 Iohannis,
1334 2760 1390 2810 et
1432 2767 1594 2809 cansa
1628 2754 1906 2824 Bnlgariae
1948 2757 2015 2811 ad
2052 2759 2428 2827 imperatorem

211 2849 421 2915 rejecta.
490 2845 690 2909 Quarta
718 2846 860 2900 actio
887 2846 941 2899 in
969 2844 1151 2914 vigilia
1178 2844 1469 2899 nativitatis
1489 2841 1701 2897 Domini
1729 2841 2000 2899 celebrata
2023 2848 2122 2899 est.
2172 2844 2270 2916 lbi,
2289 2861 2428 2917 qnae

212 2934 425 2992 Romani
454 2933 621 3002 legati
650 2935 997 3005 proposuisse
1025 2932 1354 3001 dicebantur,
1381 2930 1451 2985 de
1475 2930 1713 2986 dioecesi
1733 2930 2027 3001 Bulgariae,
2056 2933 2124 2989 de
2149 2931 2290 2989 laico
2316 2950 2427 2994 non

214 3024 455 3093 eligendo
486 3021 964 3091 Constantinopoli,
1006 3022 1135 3076 item
1176 3033 1245 3076 ne
1287 3018 1584 3090 patriarcha
1625 3032 1692 3074 ex
1728 3018 1833 3074 alia
1860 3019 1994 3075 sede
2020 3027 2330 3096 sumeretur,
2368 3029 2429 3082 nt

213 3112 440 3181 modus
485 3109 667 3166 hahita
708 3115 888 3165 contra
917 3108 1153 3165 Photiuru
1195 3107 1553 3179 abrogaretur,
1595 3110 1653 3164 nt
1694 3111 2288 3185 excommunicarentur,
2335 3116 2429 3184 qni

214 3214 321 3256 cnm
347 3199 537 3256 Photio
568 3214 672 3254 non
703 3200 1165 3269 communicarent,
1208 3195 1498 3269 approbata
1538 3202 1688 3267 sunt;
1729 3197 1826 3253 sed
1857 3197 2134 3267 Bnlgariae
2165 3215 2329 3259 causa
2355 3203 2425 3259 ad

214 3291 581 3360 inperatorem
607 3291 848 3344 remissa.
913 3287 1103 3350 Quinta
1131 3289 1344 3342 actione
1372 3285 1456 3341 26.
1481 3284 1694 3341 Januar.
1723 3284 1903 3342 habita
1931 3290 2166 3356 synodus
2195 3293 2424 3360 septima

210 3392 299 3448 pro
327 3380 474 3432 cuttu
500 3379 788 3445 imaginum
809 3376 1125 3444 (Turasiana
1154 3373 1395 3442 seilicet)
1421 3377 1668 3444 tanquam
1696 3378 2043 3431 oecumenica
2070 3375 2424 3434 confirmatur.

210 3465 416 3536 Placuit,
446 3472 505 3521 ut
539 3464 812 3521 Johannes
850 3466 906 3518 et
933 3463 1146 3518 Photius
1173 3462 1309 3518 alter
1334 3462 1401 3517 ab
1431 3461 1601 3517 altero
1630 3465 2117 3520 excommunicatos
2143 3479 2251 3520 non
2276 3468 2425 3522 reci-

210 3558 418 3625 perent;
464 3569 569 3624 quo
597 3552 991 3624 appellationes
1018 3550 1284 3608 Romanae
1313 3550 1647 3607 tollebantur.
1721 3551 1977 3608 Statuitur
2004 3553 2179 3622 etiam,
2216 3556 2274 3608 ut
2289 3539 2424 3625 ‘Spi-

212 3654 416 3713 scopns,
457 3640 638 3697 habitu
681 3640 925 3697 monachi
965 3645 1155 3711 sumto,
1196 3643 1565 3711 episcopatum
1603 3642 1836 3696 retinere
1875 3654 1981 3696 non
2011 3642 2199 3711 possit.
2270 3641 2424 3699 Hunc

212 3743 461 3785 canonem
488 3735 737 3800 tanquam
764 3743 835 3785 ex
863 3733 1052 3786 octava
1081 3729 1284 3799 synodo
1304 3731 1650 3785 oecumenica
1669 3727 1952 3783 Gratianus
1971 3730 2168 3785 citavit.
2220 3729 2424 3788 sextae

213 3820 417 3888 actioni,
460 3832 596 3888 quae
628 3819 710 3873 10.
740 3818 913 3873 Martii
942 3817 1076 3873 seria
1119 3820 1274 3873 tertia
1313 3816 1420 3872 ind.
1452 3817 1534 3887 13,
1575 3830 1682 3872 non
1722 3822 1780 3873 ut
1820 3819 2028 3887 priores
2069 3820 2124 3873 in
2164 3818 2418 3893 ecclesia,

214 3907 382 3962 sedin
418 3906 616 3977 palatio
660 3906 934 3963 celebrata
975 3909 1073 3976 est,
1114 3909 1400 3976 imperator
1426 3904 1681 3975 interfuit,
1724 3908 1779 3961 et
1820 3903 1944 3961 fidei
1985 3904 2348 3963 definitionem
2385 3921 2419 3963 a

214 3996 406 4065 synodo
447 3995 756 4068 postulavit.
828 3995 909 4050 lbi
948 3997 1226 4051 recitatum
1268 3998 1352 4050 est
1389 3993 1689 4063 symbolum
1730 3992 2038 4064 Nicaenum,
2085 3996 2422 4068 cautumque,

212 4097 275 4139 ae
300 4082 424 4153 qnid
451 4084 739 4140 adderetur
764 4089 854 4139 ant
881 4083 1261 4140 detraheretur.
1333 4083 1416 4138 lta
1443 4084 1604 4138 tacite
1632 4081 1804 4137 Latini
1831 4081 2229 4151 sugillabantur.
2289 4083 2419 4141 Tum

211 4172 320 4242 ipse
347 4175 633 4243 imperator
651 4173 881 4228 decretis
910 4172 1227 4243 subscripsit
1252 4177 1374 4242 post
1396 4173 1638 4242 triduum,
1669 4171 1754 4226 die
1775 4171 2057 4227 dominico.
2114 4172 2421 4229 Novissima

214 4262 415 4316 actione
442 4263 497 4316 iu
524 4274 714 4331 magna
745 4260 978 4317 ecclesia
1005 4275 1103 4330 per
1129 4260 1600 4317 anathematismos
1640 4262 1694 4315 in
1724 4272 1820 4316 eos
1848 4260 2145 4329 demuntur,
2185 4261 2277 4329 qui
2312 4258 2419 4315 ali-

216 4348 328 4416 qaid
355 4347 480 4405 fidei
504 4350 666 4419 paulo
694 4355 817 4407 ante
844 4353 1223 4422 praescriptae,
1268 4349 1495 4405 addituri
1523 4355 1615 4405 ant
1641 4348 1959 4406 subtracturi
1987 4351 2187 4404 essent.
2259 4346 2420 4402 Basi-

217 4434 308 4491 lius
334 4437 572 4510 pontifici
604 4436 925 4513 rescribens,
968 4439 1129 4496 etiam
1168 4436 1447 4509 Bulssariae
1486 4437 1764 4496 dioecesin
1805 4438 2054 4498 nonnis
2093 4434 2421 4492 reddendam
