2817 4959
578 371 707 440 356
1151 366 1688 439 ANNALES
1759 363 2217 438 inritati

322 544 391 616 A,
413 544 551 617 924.
577 546 664 620 (id
691 547 778 603 est
803 542 1216 616 Septimaniam)
1243 546 1551 612 transeunt;
1577 545 1687 600 nisi
1710 543 1997 615 improprie
2024 541 2250 602 Gothiae
2276 540 2668 615 appellatione
2694 536 2795 615 Pro-1

569 638 801 693 vinciam
829 637 990 691 etiam
1016 633 1120 690 hoc
1146 633 1270 692 loco
1299 633 1630 704 designatam
1658 645 1995 689 censeamus.
2020 675 2025 684 .
2052 631 2138 687 {bi
2165 635 2322 703 peste
2343 634 2591 702 quadam
2622 633 2795 706 tffltss}

569 725 766 783 inflatis
797 721 1061 796 capitibus
1089 725 1146 780 et
1164 723 1471 794 dysenteria
1498 735 1638 792 pene
1665 735 1850 778 omnes
1880 721 2165 786 consumti,
2189 722 2383 791 reliqui
2411 721 2481 777 ab
2504 724 2787 793 insequen-

569 813 714 872 tibus
743 810 971 868 liudolfo
1003 811 1303 881 etllugone
1333 812 1483 866 caesi
1509 813 1651 866 sunt.

713 901 799 957 26.
871 900 1080 957 Interea
1106 900 1478 970 Berengarius,
1520 897 1711 954 ltaliae
1750 912 1849 954 rex
1888 902 1943 954 et
1984 911 2110 955 sese
2139 902 2423 966 augustum
2456 897 2678 971 ferens,
2705 898 2791 953 Va-

570 1005 735 1049 ronae
764 1004 798 1046 a
825 991 937 1045 suis
965 987 1295 1059 interficitur,
1338 988 1457 1043 sive
1485 986 1626 1058 quod
1652 985 2020 1056 ilungarorum
2058 988 2293 1043 amicitia
2329 990 2385 1043 in
2415 988 2613 1043 odium
2640 1003 2797 1060 popu-

569 1081 743 1138 lorum
783 1079 1111 1148 incurrisset,
1151 1077 1270 1132 sive
1310 1078 1534 1147 privatis
1574 1078 1770 1131 causis.
1831 1075 2001 1132 Autor
2027 1077 2439 1146 conspirationis
2468 1075 2794 1134 Fimberus

571 1167 689 1240 fuit,
728 1169 930 1223 amicus
972 1168 1134 1236 atque
1176 1166 1336 1220 etiam
1378 1167 1652 1235 compater
1690 1164 1851 1236 regis,
1891 1166 1984 1236 qui
2011 1163 2175 1220 tilium
2203 1167 2322 1234 ejus
2364 1165 2436 1219 de
2464 1164 2797 1222 sacrofonte

568 1260 899 1328 susceperat.
935 1255 1289 1325 Berengarius
1312 1253 1525 1309 indiciis
1546 1252 1811 1322 designati
1838 1253 2063 1309 sceleris
2091 1254 2160 1309 ad
2180 1266 2243 1309 se
2260 1252 2505 1324 perlatis,
2541 1253 2793 1310 hominen

567 1349 745 1419 vocat,
773 1343 1154 1403 beneficiorum
1183 1342 1450 1413 admonet,
1479 1342 1731 1413 ostendit,
1759 1341 1999 1397 ionunas
2020 1344 2138 1410 ejus
2168 1343 2221 1397 in
2242 1355 2341 1398 sua
2360 1342 2639 1411 dignitate
2656 1344 2793 1397 sitas:

566 1434 753 1504 itaque
778 1448 841 1490 se
869 1432 1028 1490 tidem
1056 1432 1357 1489 accusatori
1383 1429 1584 1488 habere
1610 1445 1720 1487 non
1747 1443 1926 1503 posse,
1955 1432 2082 1501 quin
2101 1432 2278 1500 potius
2299 1433 2608 1487 occasione
2628 1437 2795 1487 osten·

569 1524 779 1581 dentiae
817 1522 1044 1579 fiduciae
1083 1520 1334 1593 gaudere.
1402 1518 1593 1590 ltaque
1628 1519 1880 1591 poculum
1908 1534 2037 1576 auro
2073 1532 2236 1589 grave
2270 1520 2613 1594 propinans:
2660 1515 2799 1584 Quod

561 1614 729 1683 intua,
758 1613 943 1684 inquit,
971 1624 1161 1667 amore
1184 1611 1291 1665 mei
1315 1609 1496 1681 bibito,
1523 1623 1622 1665 vas
1645 1607 1744 1663 tibi
1765 1611 2000 1666 servato.
2037 1608 2200 1663 Addit
2216 1605 2604 1680 luitprandus,
2621 1607 2795 1664 bansta

565 1700 693 1757 vino
736 1703 986 1771 tanquam
1023 1700 1083 1758 in
1121 1697 1348 1756 alterum
1386 1696 1577 1754 Judam
1616 1697 1850 1754 intrasse
1891 1700 2150 1769 satanam,
2199 1695 2479 1752 obfirmata
2523 1698 2589 1753 in
2632 1697 2796 1754 scelus

566 1792 765 1846 mente.
813 1788 927 1845 Rex
955 1802 1023 1845 ea
1046 1792 1210 1844 nocte
1237 1789 1296 1844 in
1319 1787 1453 1844 villa
1479 1797 1705 1843 amoena
1732 1799 1902 1859 prope
1928 1785 2220 1843 ecclesiam
2247 1784 2439 1856 haesit,
2480 1785 2794 1842 custodibus

565 1880 732 1936 etiam
750 1880 992 1951 corporis
1011 1879 1293 1949 recusatis,
1321 1888 1458 1947 quos
1486 1875 1616 1932 hiilo
1643 1874 1887 1934 alumnus
1913 1876 2058 1945 regis
2084 1875 2309 1944 impiger
2330 1875 2561 1942 juvenis
2592 1880 2655 1932 et
2677 1874 2793 1931 fidus

567 1966 846 2025 offerebat.
911 1965 1043 2023 Inde
1070 1968 1241 2038 primo
1267 1976 1442 2038 mane,
1485 1979 1742 2036 campana
1778 1965 1986 2034 signum
2016 1963 2084 2020 de
2111 1976 2259 2019 more
2290 1963 2467 2034 dante,
2509 1962 2593 2018 ad
2623 1963 2792 2021 aeden

566 2068 775 2112 sacram
816 2057 981 2111 venit.
1054 2053 1403 2125 flambertus,
1447 2067 1507 2110 re
1548 2052 1842 2124 intellecta,
1892 2057 2108 2124 paratos
2150 2052 2376 2107 sicarios
2417 2050 2673 2110 adducit.
2730 2052 2792 2107 Fit

568 2143 823 2201 tumultus
847 2156 981 2213 prae
1009 2141 1245 2213 toribus3
1285 2154 1384 2198 rex
1410 2142 1641 2210 visurus,
1680 2141 1807 2213 quid
1834 2143 1917 2198 rei
1942 2143 2110 2212 esset,
2138 2140 2423 2211 egreditur,
2460 2144 2518 2197 et
2552 2148 2788 2214 tanquan

564 2233 624 2287 in
665 2231 894 2288 medium
936 2234 1224 2286 amicorum
1257 2234 1557 2302 recepturis
1589 2230 1893 2286 Flamberto
1938 2244 1973 2285 a
2014 2234 2164 2299 tergo
2217 2228 2506 2299 romphaea
2556 2231 2787 2298 fer-iente,

565 2320 827 2375 exanimis
869 2317 1027 2374 cadit.
1091 2318 1254 2375 Addit
1293 2322 1463 2391 autor,
1504 2318 1673 2390 lapidi
1711 2317 1826 2374 illic
1866 2320 2179 2390 sanguinem
2219 2332 2497 2391 aspersum
2546 2320 2676 2378 elui
2708 2333 2789 2377 nea

564 2421 750 2479 posse.

499 2567 509 2581 .
707 2497 793 2552 27.
848 2497 917 2553 At
937 2495 1084 2567 Milo,
1112 2498 1264 2567 cujus
1286 2493 1516 2552 salutem
1537 2508 1647 2552 aen
1669 2499 1933 2569 potuerat,
1954 2496 2147 2554 saltem
2164 2496 2453 2554 vindictam
2464 2500 2803 2570 procuravit]

565 2585 888 2643 Convocatis
907 2581 1243 2657 enim'bonis,
1270 2583 1514 2657 urbeque
1540 2588 1595 2641 in
1622 2589 1948 2658 potestatem
1976 2586 2207 2658 redacta,
2234 2586 2562 2659 triduopost
2580 2590 2803 2656 caede-1

561 2673 923 2732 Flambertum
963 2677 1022 2731 et
1057 2676 1312 2731 conscios
1354 2674 1645 2745 suspendio
1686 2677 1851 2730 vitam
1904 2673 2057 2731 finire
2106 2678 2299 2747 coegit.
2373 2676 2503 2733 Milo
2548 2677 2803 2735 veroum

564 2778 751 2822 comes
790 2762 1078 2833 aliquoties
1119 2762 1313 2821 deinde
1353 2765 1410 2819 in
1451 2761 1828 2834 diplomatibus
1869 2768 2205 2820 memoratur.
2260 2764 2315 2819 Is
2354 2762 2476 2821 finis
2517 2767 2789 2824 laborioso

561 2853 794 2924 principi
821 2852 939 2924 init,
967 2866 1106 2909 anno
1133 2852 1286 2921 regni
1313 2850 1589 2922 trigesimo
1619 2855 1847 2924 septimo
1869 2857 1923 2908 et
1941 2854 2169 2925 imperii,
2185 2853 2235 2908 si
2253 2857 2627 2928 agnoscimus,
2648 2868 2790 2912 nono.

563 2941 815 3012 Sigonius
844 2956 949 2998 uno
976 2927 1117 2998 anno
1148 2943 1402 3011 anticipat
1429 2947 1675 2998 mortem:
1721 2940 1891 3011 Sigeb'
1922 2945 2035 2996 rtus
2064 2942 2373 2999 tantundem
2402 2941 2635 3014 profert.
2694 2945 2791 3012 Ege

562 3028 923 3086 Frodoardum
951 3028 1091 3085 haud
1118 3028 1310 3085 dubius
1339 3043 1554 3099 sequor.
1602 3028 1732 3084 Cum
1754 3042 1817 3085 se
1843 3044 1897 3108 ⁶,
1939 3030 2143 3100 privato
2171 3044 2353 3100 regem
2382 3029 2640 3104 fecisset,
2667 3045 2792 3089 nunc

562 3130 731 3185 regno
770 3115 976 3187 pulsuS,
1014 3130 1158 3171 nunc
1197 3119 1493 3189 restitutus,
1534 3131 1656 3173 mox
1696 3120 1809 3174 toto
1848 3119 2068 3190 potitus,
2108 3122 2411 3190 moxparte
2440 3120 2689 3194 dimidia,
2719 3124 2793 3177 aut

562 3206 726 3260 etiam
754 3217 1014 3275 perparva
1043 3207 1357 3271 contentus;
1401 3219 1523 3260 cum
1551 3205 1765 3260 minime
1792 3209 2125 3278 expectares,
2160 3205 2405 3263 hostibus
2442 3209 2678 3266 mortuis
2715 3212 2791 3265 aut

561 3291 776 3364 fugatis,
818 3291 1157 3360 imperatoria
1199 3293 1360 3347 etiam
1398 3294 1632 3363 insignia
1672 3292 1927 3349 obtinuit:
1969 3307 2147 3365 neque
2177 3308 2243 3351 eo
2273 3297 2450 3368 tutior,
2492 3300 2791 3371 iterumque

561 3379 767 3452 pulsus,
794 3385 1066 3452 postremo
1086 3378 1396 3436 ‘intimorum
1417 3381 1629 3456 scelere
1648 3385 1823 3455 periit.
1859 3381 2130 3439 Addamus
2142 3387 2256 3453 jam
2274 3384 2490 3440 infidam
2510 3389 2791 3457 conjugem

562 3482 776 3526 veneno
818 3470 1069 3540 potatam,
1125 3481 1378 3539 generum
1425 3469 1664 3541 hostem3
1718 3475 1775 3528 et
1813 3473 1870 3528 in
1909 3475 2170 3543 perpetua
2213 3471 2456 3529 fortunae
2491 3476 2792 3543 jactatione

563 3559 815 3615 miremur
842 3556 1146 3614 ambitionis
1172 3557 1436 3615 humanae
1465 3559 1756 3632 stultitiam,
1798 3560 2005 3615 titulum
2036 3560 2270 3631 sepulcri
2296 3563 2442 3617 vitae
2468 3560 2790 3617 infelicitate

562 3646 928 3703 redimentem.
979 3646 1137 3703 Berta
1164 3648 1282 3716 ejus
1312 3645 1422 3703 filia
1463 3643 1561 3703 fuit
1588 3648 1930 3720 parthenonis
1972 3648 2026 3704 S.
2054 3647 2229 3706 ,tuliae
2256 3649 2577 3706 Brixinensis
2606 3649 2789 3705 abba-

564 3736 715 3808 tissa,
744 3741 802 3791 ut
827 3738 976 3808 patet
1005 3749 1071 3792 ex
1099 3739 1387 3808 praecepto
1415 3737 1583 3807 patris
1614 3737 1735 3793 dato
1765 3752 1811 3792 a.
1828 3735 1894 3792 D.
1925 3737 2047 3795 916.

707 3823 794 3882 28.
847 3823 1100 3893 Ughellus
1128 3826 1183 3879 in
1202 3825 1477 3896 episcopis
1494 3824 1914 3897 Veronensibus,
1940 3825 2033 3882 ubi
2054 3825 2121 3882 de
2139 3825 2391 3884 Ratherio
2417 3827 2534 3897 agit,
2560 3822 2785 3884 nilonis

566 3912 823 3984 quasdam
850 3913 1061 3970 tabulas
1102 3913 1192 3971 vel
1236 3917 1325 3983 (ut
1353 3915 1544 3983 vocat)
1589 3917 1959 3970 testamentum
1996 3916 2257 3986 producit,
2298 3918 2355 3971 in
2384 3930 2486 3986 quo
2514 3930 2547 3972 a
2571 3927 2638 3970 se
2668 3916 2784 3988 ipso

565 4000 866 4074 appellatur
904 4002 1040 4058 Milo
1076 4002 1334 4074 marchio,
1370 4001 1517 4072 filius
1555 4001 1728 4058 bonae
1767 4004 2168 4061 recordationis
2204 4003 2498 4077 Hansredi,
2547 4006 2642 4076 qm·
2682 4006 2786 4078 1⁶90

564 4089 749 4146 Salica
787 4093 969 4146 vivere
1007 4094 1155 4148 visus
1191 4107 1326 4147 aum.
1402 4089 1731 4147 blanfredum
1780 4095 2028 4148 comitem
2068 4097 2227 4149 vocat
2265 4107 2577 4163 germanum
2620 4108 2781 4149 suum.

566 4176 843 4234 Conradus
863 4177 1071 4235 Salicus
1100 4181 1388 4251 imperator
1417 4178 1691 4236 confirmat
1718 4183 2041 4238 monasterio
2070 4180 2123 4240 S.
2140 4181 2425 4238 Zachariae
2444 4181 2783 4239 Venetiam

565 4271 795 4323 castrum
838 4266 1089 4339 Runcum,
1132 4269 1272 4338 quod
1315 4269 1368 4326 ei
1407 4268 1630 4326 dederat
1668 4267 1899 4327 marchio
1936 4269 2083 4343 Milo,
2125 4271 2265 4341 quod
2293 4276 2648 4341 praeceptum
2675 4283 2783 4328 mox

564 4352 951 4412 recensebitur.
1006 4354 1086 4411 De
1115 4369 1182 4412 eo
1211 4360 1448 4425 graviter
1475 4360 1709 4430 queritur
1735 4357 2014 4418 Ratherius
2054 4363 2111 4416 in
2140 4360 2371 4433 epistola
2397 4361 2466 4415 ad
2490 4359 2781 4417 iohannem

567 4441 683 4513 ΧΠ,
724 4441 866 4512 quod
906 4441 1084 4498 multis
1126 4444 1299 4500 modis
1339 4454 1601 4504 vexasset
1644 4449 1887 4520 episcopi
1928 4463 2115 4504 munus
2172 4447 2480 4521 obeuntem,
2536 4455 2594 4508 et
2638 4448 2779 4522 pulso

563 4528 874 4599 nepotulum
902 4543 1053 4585 suum
1082 4529 1468 4590 substituisset.
1523 4535 1605 4591 Ab
1634 4548 1703 4592 eo
1731 4538 1955 4594 comites
1983 4537 2037 4594 S.
2065 4536 2344 4609 Bonisacii,
2371 4549 2513 4609 quae
2542 4539 2780 4609 primaria
