2817 4959
691 293 1227 364 ANNALES
1298 293 1760 364 IMPERII
2253 299 2340 368 29

70 468 253 528 nebo
270 468 705 541 praepedita,
740 471 1026 540 quominus
1052 469 1235 526 itineri
1256 483 1323 525 se
1349 465 1517 542 daret,
1544 468 1741 528 Bosoni
1765 469 1994 529 salutem
2011 472 2170 532 amici
2187 486 2340 530 com·-
2355 474 2425 545 Δ,
2443 473 2586 543 878,

70 559 395 614 mendasse.
453 559 594 629 Nos,
621 560 811 628 inquit,
837 559 1143 613 συείιέαιιέο
1158 557 1274 613 Deo
1295 558 1519 627 Papiam
1537 564 1788 632 mama,
1807 564 2042 618 verm
2058 562 2344 619 mmmm

75 653 467 719 emme.
524 646 724 717 Credo,
754 646 956 701 Bosoni
982 658 1083 701 eos
1112 646 1402 702 conciliare
1434 646 1738 703 conabatur.
1809 648 2046 720 supponi
2074 650 2339 724 scribens,

74 739 373 803 ignoscere
392 748 487 804 se,
515 736 613 805 ait,
635 734 780 805 quod
800 734 995 791 adesse
1015 733 1121 790 sibi
1140 736 1309 804 magis
1327 748 1436 790 non
1453 737 1735 805 potuisset,
1754 751 1908 807 quam
1926 752 2034 794 non
2049 739 2338 807 voluisset5

72 841 139 881 ae
164 826 225 880 in
250 823 437 879 fldem
458 823 699 877 Domino
727 822 905 878 datam
933 834 1162 894 peccare
1177 809 1476 879 videretur?
1535 821 1605 879 Et
1625 826 1815 895 tamen,
1843 828 1902 880 ut
1925 826 2122 898 veniat,
2146 842 2338 898 magno

78 913 254 967 stadio
282 911 573 980 hortatur,
601 925 788 981 pamm
817 925 1067 981 congrue,
1096 914 1221 981 qnia
1246 925 1357 967 non
1384 910 1546 982 addit,
1574 911 1728 968 salvo
1749 926 1877 980 erga
1896 911 2338 972 Carolomannum

82 999 258 1056 efficio
281 1000 588 1056 facturum.
645 997 961 1069 Jobannem,
980 1003 1217 1056 assumto
1234 999 1452 1055 Bosone
1470 1002 1683 1071 comite,
1704 1014 1895 1069 magna
1914 1016 2035 1057 cum
2052 1002 2337 1060 ambitione

80 1089 372 1145 initaliam
398 1089 646 1158 redisse,
668 1093 723 1141 et
755 1087 919 1144 multa
948 1088 1301 1144 machinatum
1332 1100 1474 1159 esse,
1499 1093 1561 1144 ut
1587 1087 1681 1143 ille
1707 1101 1931 1159 regnum
1951 1088 2337 1149 carolomanno

89 1178 355 1233 ade-tuni
386 1177 694 1246 obtineret,
718 1176 1004 1232 Fuldensis
1031 1178 1293 1232 annalista
1319 1176 1579 1248 prodidit:
1610 1191 1769 1247 quem
1794 1183 2016 1234 secutus
2041 1184 2131 1235 est
2152 1177 2339 1238 Petrus

97 1265 551 1322 bibliothecarius
580 1267 641 1320 in
667 1264 888 1321 historia
914 1265 1168 1321 Franciae
1196 1270 1483 1320 contracta.

236 1354 319 1409 22
392 1354 548 1418 Quid
578 1354 650 1408 de
678 1353 885 1422 synodo
914 1357 1004 1409 aut
1031 1352 1228 1426 placito
1257 1351 1455 1410 factum
1483 1354 1569 1424 sit,
1597 1367 1707 1412 non
1728 1356 1954 1410 constat.
2013 1354 2339 1412 Ausbertum

106 1445 313 1498 instanti
340 1442 621 1513 defuisse,
649 1443 758 1496 nisi
784 1440 1053 1498 ,lebannes
1079 1444 1199 1514 ipse
1225 1442 1663 1513 expostulatoriis
1692 1444 1862 1499 literis
1884 1443 2125 1514 dixisset,
2151 1444 2241 1501 vel
2271 1457 2339 1500 ex

94 1531 378 1602 privilegio
406 1530 727 1601 colligeres,
774 1530 918 1600 quod
952 1544 1089 1602 papa
1114 1531 1343 1587 Jobanni
1370 1531 1641 1588 Ticiueusi
1677 1535 1903 1603 ejusque
1930 1531 2337 1588 successoribus

98 1620 261 1691 dedit,
288 1621 568 1677 utltaliae
598 1620 889 1690 episcopos
918 1620 985 1674 ad
1010 1620 1267 1689 synodum
1283 1633 1482 1676 vocare
1508 1623 1697 1691 posset
1716 1621 2016 1692 apostolica
2035 1621 2337 1690 autoritate,

95 1713 153 1764 et
173 1711 305 1764 vice
334 1707 608 1779 pontificis
639 1708 854 1761 maximi
882 1710 1340 1764 excommunicare
1366 1713 1829 1781 transgressores;
1874 1709 2017 1779 quod
2045 1714 2159 1764 erat
2179 1711 2335 1763 vica-

102 1798 248 1851 rin-
284 1810 443 1851 snam
483 1795 680 1867 tacere,
723 1798 780 1852 et
819 1793 1068 1850 attollere
1097 1810 1258 1865 supra
1298 1797 1776 1866 metropolitanum.
1847 1798 2065 1853 Tantam
2088 1798 2338 1864 injuriam

110 1897 391 1954 unquam
420 1883 676 1940 Ansberto
707 1883 944 1939 facturus
975 1886 1103 1954 erat,
1132 1884 1180 1937 si
1209 1884 1381 1937 amico
1402 1897 1533 1938 usus
1561 1883 1771 1939 fuisset.
1841 1884 1949 1940 Sed
1977 1898 2129 1956 papa,
2158 1885 2335 1942 facilis

116 1970 254 2027 dare
278 1973 493 2028 insolita
520 1978 571 2029 et
598 1972 874 2042 negligere
901 1984 1182 2041 concessa,
1209 1969 1314 2025 sibi
1342 1969 1613 2028 bominum
1641 1972 1815 2028 studia
1840 1986 1939 2041 per
1963 1986 2100 2027 vana
2125 1987 2338 2028 merca-

110 2060 285 2118 batur.
352 2061 413 2118 ld
440 2064 695 2132 Ansegisi
724 2060 1055 2117 senonensis
1084 2058 1331 2129 exemplo
1372 2062 1630 2130 apparuit.
1694 2059 1848 2130 Apud
1874 2064 2122 2130 posteros
2151 2059 2336 2117 eccle-

108 2152 309 2206 siaram
347 2165 562 2208 suarum
604 2152 900 2222 studiosos,
942 2149 1140 2221 aliquid
1183 2161 1311 2204 esse
1337 2149 1457 2203 visa
1496 2153 1635 2220 sunt,
1679 2162 1818 2218 quae
1856 2149 1971 2203 suis
2006 2148 2334 2219 temporibus

104 2239 511 2309 spernebantur
586 2239 809 2296 Talibus
837 2242 979 2297 enim
1008 2239 1301 2310 privilegiis
1335 2238 1593 2307 primatus
1627 2239 1765 2307 jura,
1809 2240 1899 2293 aut
1936 2237 2076 2293 aliae
2115 2239 2334 2307 praela·
2369 2292 2383 2303 ,

104 2330 276 2384 tiones
307 2327 806 2386 inaedificabantur.
880 2329 948 2383 At
974 2325 1216 2398 pontifex
1243 2329 1449 2383 interea
1473 2325 1700 2381 Jobauni
1727 2325 2020 2382 Ravennati
2059 2327 2334 2397 archiepi-

112 2430 285 2489 scopo,
311 2421 496 2474 amico
524 2432 646 2489 suo,
674 2416 876 2488 scribit,
903 2431 973 2473 ue
993 2416 1325 2474 Lambertum
1346 2430 1465 2472 cum
1484 2414 1700 2472 Francis
1721 2427 1852 2471 suae
1880 2417 2045 2486 partia
2071 2417 2128 2472 in
2143 2415 2330 2473 urbem

110 2517 247 2562 suam
288 2508 578 2572 admittam
626 2511 684 2562 et
724 2521 842 2561 cum
882 2520 1009 2561 mox
1044 2504 1338 2561 lobannem
1366 2506 1669 2576 extinctum,
1711 2509 1767 2560 et
1808 2518 1903 2573 pro
1944 2518 2012 2560 eo
2039 2503 2331 2560 Romanam

115 2593 381 2652 dinon-
406 2597 654 2651 unanimi
679 2597 947 2654 sententia
967 2594 1196 2652 electum
1221 2593 1597 2663 intellexisset,
1623 2592 1879 2663 hortatur,
1904 2591 2181 2662 utvigilet,
2209 2594 2332 2662 epi-

114 2684 379 2757 stolasque
418 2684 670 2740 inclusas
712 2686 823 2740 suis
866 2683 1084 2741 Romam
1123 2685 1293 2739 mittat
1333 2672 1399 2738 ad
1426 2681 1663 2737 Leonem
1691 2682 2005 2751 episcopum
2032 2685 2087 2736 et
2111 2681 2329 2749 apocri-

117 2771 336 2829 siarium:
375 2788 479 2829 res
507 2775 673 2828 etiam
699 2772 989 2828 Deusdedit
1017 2777 1073 2829 et
1099 2771 1356 2828 lobannis
1385 2770 1577 2825 ducum
1606 2767 1874 2824 defendat.

233 2861 318 2918 23.
394 2862 595 2917 Ticino
622 2861 806 2917 scribit
823 2861 1064 2931 pontifex
1080 2859 1350 2915 Ludovico
1370 2855 1579 2912 Galliae
1600 2858 1732 2927 regi,
1751 2868 1926 2925 quem,
1946 2852 2330 2912 Constantino-

127 2948 361 3015 tolitnoa
382 2953 651 3021 imitatus
668 2950 1094 3022 porphyreticum
1107 2950 1282 3017 vocat,
1296 2950 1548 3014 tanquam
1567 2946 1622 2999 in
1639 2955 1871 3014 purpura
1887 2944 2082 3000 natum.
2119 2939 2328 3000 Gratias

134 3039 235 3107 atii,
264 3039 407 3109 quod
438 3038 715 3094 Bosonem
755 3040 1131 3095 conductorem
1167 3036 1428 3104 dedisset,
1469 3046 1629 3103 quem
1654 3032 1802 3087 miris
1840 3029 2087 3086 laudibus
2116 3030 2328 3086 attollit.

130 3122 279 3199 legit,
304 3135 366 3185 ut
392 3131 449 3184 si
480 3141 621 3198 opus
649 3129 736 3196 sit,
763 3132 993 3183 armatos
1016 3127 1207 3182 mittat.
1260 3121 1622 3190 Angilmarum
1640 3121 1904 3193 epistolae
1931 3119 2154 3176 latorem
2175 3132 2328 3175 com-

122 3217 323 3274 ·eadat.
380 3216 736 3273 Caeterorum
756 3217 1144 3286 episcoporum,
1173 3213 1277 3268 etsi
1305 3224 1401 3266 rex
1420 3213 1676 3282 jusserat,
1702 3209 1904 3266 nullum
1922 3210 2158 3281 venisse,
2187 3221 2327 3279 que-

116 3305 251 3360 ritur.-
278 3310 477 3376 itaque
501 3306 655 3375 petit,
680 3309 738 3360 ut
764 3318 860 3359 eos
880 3304 1096 3360 Romam
1122 3300 1393 3357 hostiliter
1420 3301 1497 3355 ire
1528 3302 1698 3369 cogat,
1727 3313 1833 3368 quo
1862 3297 2074 3352 tandem
2102 3297 2328 3355 obedire

116 3389 321 3450 discant.
397 3392 699 3464 nostiliter,
726 3395 957 3463 iuquam,
990 3391 1047 3446 id
1076 3395 1158 3446 est
1186 3403 1306 3442 cum
1333 3388 1492 3442 hoste
1519 3400 1617 3443 seu
1644 3386 1868 3442 militum
1894 3387 2082 3456 copiis.
2149 3385 2326 3442 Etiam

114 3477 307 3550 {laconi
335 3480 527 3537 abbati
553 3495 618 3536 ac
646 3479 951 3550 marchioni,
981 3478 1312 3534 Theoderico
1341 3476 1650 3543 camerario,
1680 3473 1950 3530 Bernardo
1966 3473 2325 3530 Arvernorum

114 3574 297 3643 coniti,
317 3583 659 3626 communem
677 3566 959 3638 epistolam
977 3566 1179 3637 scribit,
1199 3564 1544 3632 foederisque
1563 3576 1682 3618 cum
1699 3561 1911 3617 Bosone
1927 3563 2025 3617 icti
2042 3560 2321 3630 admouet;

112 3666 375 3731 rogatque,
404 3672 478 3713 ne
507 3654 975 3712 calumniatoribus
1000 3655 1067 3711 de
1085 3656 1202 3710 viro
1223 3652 1456 3722 credant,
1483 3651 1628 3717 regis
1656 3650 1707 3704 ei
1735 3651 1956 3717 gratiam
1983 3652 2324 3707 conservent.

112 3745 415 3816 Verebatur,
433 3747 636 3816 opinor,
653 3759 724 3802 ne
742 3744 868 3816 quid
888 3743 956 3799 de
974 3739 1452 3799 machinationibus
1472 3739 1774 3794 traluceret.
1812 3736 2089 3800 Quomodo
2102 3738 2326 3796 Romam

108 3838 424 3907 pau-venerit,
447 3836 694 3905 nuspiam
720 3831 966 3888 refertur.
1014 3829 1297 3886 Lamberto
1322 3826 1743 3896 reconciliatum,
1764 3831 2002 3897 apparet,
2030 3826 2240 3897 quando
2259 3830 2322 3883 et

112 3924 414 3982 adalberto.
482 3921 673 3978 norbo
712 3917 1083 3976 Carolomanni
1128 3919 1417 3973 amicorum
1462 3915 1619 3970 ardor
1661 3913 1959 3980 refrixerat.
2028 3914 2114 3971 Ita
2157 3911 2326 3970 facile

112 4014 437 4083 crediderim,
480 4010 815 4067 Lambertum
858 4023 999 4065 nova
1043 4005 1270 4064 consilia
1314 4005 1548 4075 cepisse,
1584 4005 1641 4060 et
1672 3989 1966 4059 lohannem
1999 4002 2162 4061 rebus
2206 4005 2330 4058 suis

112 4101 283 4158 utilem
322 4099 619 4170 judicasse.
705 4099 958 4155 Fortasse
1001 4098 1164 4152 etiam
1210 4108 1278 4152 ex
1320 4093 1478 4150 hoste
1513 4091 1780 4163 johanne,
1833 4093 2041 4162 quaudo
2086 4088 2326 4150 affectati

114 4188 312 4263 inperii
338 4185 949 4259 accusabatur,‚didicit‚
989 4185 1115 4256 quid
1152 4186 1367 4254 posset:
1408 4179 1607 4237 multos
1648 4182 1790 4238 enim
1828 4182 1936 4252 ipsi
1973 4181 2318 4236 accusatores

118 4282 188 4334 ni
208 4279 281 4334 ad
309 4278 516 4334 crimen
555 4277 869 4334 instruxere.
940 4273 1047 4330 Res
1086 4275 1144 4328 in
1183 4269 1345 4326 fratre
1370 4269 1600 4326 widone
1639 4272 1837 4325 exitum
1877 4267 2076 4325 babuit.
2148 4265 2323 4323 Adel-

122 4363 312 4424 bortan
338 4367 631 4437 gloriosum
658 4365 1014 4421 marchionem
1041 4365 1097 4417 et
1123 4358 1388 4416 Botildem
1428 4363 1708 4429 conjugem
1736 4362 1871 4428 ejus,
1913 4360 1971 4414 et
2007 4369 2096 4411 res
2134 4367 2322 4412 eorum

122 4453 457 4512 hProrincia
477 4456 625 4529 sitas,
650 4468 782 4528 quas
800 4454 891 4511 diu
907 4451 1221 4521 mannent,
1242 4446 1440 4504 Bosoui
1463 4448 1699 4519 glorioso
1725 4447 1952 4518 principi
1968 4443 2322 4504 commendat.
