2817 4959
579 355 1115 421 ANNALES
1185 356 1637 422 IMPERII
2093 355 2219 423 423

38 532 220 586 willa
248 531 518 599 ostendit,
547 528 867 585 marchionis
883 529 1108 586 Tusciae
1127 529 1355 587 Bosonis
1375 534 1621 603 conjuge,
1651 531 1956 602 Berengarli
1984 532 2047 588 ll.
2076 534 2220 603 regis
2247 534 2314 603 Λ,
2335 531 2468 600 933.

38 635 137 690 π,
171 633 366 690 quam
394 618 462 673 ob
491 618 797 688 professum
826 621 881 673 in
917 618 1079 673 tiliam
1108 621 1226 685 ejus
1243 621 1481 687 reginam
1510 620 1687 676 odiam
1716 620 1977 676 iniamare
2008 622 2225 690 cupivit.

51 713 290 780 partem
318 706 446 762 libri
473 709 558 763 sui
587 708 870 764 Antidosin
898 720 996 762 seu
1022 701 1423 764 retributionem
1460 709 1751 780 inscripsit,
1779 713 1837 764 ut
1855 723 1885 763 a
1904 708 2227 778 Berengario

39 809 202 867 isque
225 799 477 866 conjuge
494 796 633 852 male
652 795 880 867 babitus,
897 794 1153 852 ultionem
1175 799 1457 865 quaesisse
1477 801 1719 853 sciretur.
1759 796 1997 853 Catellus
2012 811 2229 868 quoque

39 884 368 940 Tolosanis
395 898 632 939 crassam
656 883 886 940 hominis
914 883 1340 939 maledicentiam
1371 886 1565 956 culpat,
1596 899 1751 956 quam
1780 886 1838 941 in
1866 884 2226 955 Raymundum

39 975 288 1045 ncipem
316 977 380 1029 et
396 971 679 1028 Tolosates
700 976 933 1029 exercet.
999 972 1187 1042 Itaque
1207 975 1454 1043 scriptori
1475 975 1657 1044 inepto
1677 978 1734 1029 et
1752 973 2029 1044 inurbane,
2051 973 2229 1042 negli-

38 1064 194 1117 atiae
237 1062 695 1131 ignorantiaeque
736 1062 1002 1132 convicto,
1046 1062 1157 1117 odii
1197 1061 1536 1132 invidiaeque
1564 1064 1617 1117 in
1647 1055 1896 1132 potentes
1925 1059 2227 1132 manifesto,

38 1152 407 1206 terr-imorum
430 1163 694 1205 rumorum
715 1150 992 1221 captatori,
1013 1153 1068 1205 et
1085 1148 1209 1204 ideo
1231 1153 1432 1205 tautum
1452 1150 1790 1222 aestimabili,
1811 1150 1951 1219 qued
1972 1148 2123 1204 solus
2144 1151 2227 1205 sul

38 1241 252 1308 nporis
283 1238 587 1310 populique
608 1241 884 1310 superest3
912 1240 1063 1293 tanto
1089 1241 1264 1294 minus
1293 1239 1498 1311 credas,
1527 1245 1726 1309 quanto
1754 1240 1923 1307 magis
1943 1251 2040 1310 per
2056 1238 2230 1294 debo-

38 1331 338 1383 stamenta
366 1329 651 1396 grassatur.
724 1326 854 1398 Ego,
895 1327 1002 1381 etsi
1029 1334 1304 1398 comperta
1331 1328 1477 1398 vitia,
1508 1327 1599 1383 ubi
1627 1341 1762 1398 opus
1792 1334 1892 1399 est,
1920 1342 2027 1383 non
2053 1328 2229 1382 dissi·

38 1415 332 1486 ilaverim,
362 1416 420 1472 in
447 1415 725 1488 apologias
765 1428 853 1472 me
879 1429 1036 1488 quam
1063 1417 1393 1471 in-convicia
1416 1418 1720 1487 proniorem
1750 1414 1942 1486 fateor,
1981 1429 2087 1471 nec
2114 1413 2231 1471 fere

38 1505 76 1558 ri
103 1505 171 1559 in
203 1517 316 1559 eos
338 1503 528 1561 dicere
539 1510 798 1577 paratum,
839 1505 930 1574 qui
948 1505 1003 1558 in
1023 1503 1161 1559 alios
1180 1503 1321 1559 male
1339 1505 1542 1575 dixere,
1573 1504 1714 1576 quod
1734 1506 2055 1561 innocentes
2072 1504 2230 1561 aliter

39 1589 204 1648 tendi
244 1605 365 1647 non
389 1594 620 1661 possint.
691 1592 880 1663 ltaque
910 1591 1284 1663 Luitprandum
1312 1593 1547 1662 culpanti
1567 1591 1791 1648 «facilem
1818 1595 2030 1650 veniam
2053 1606 2231 1663 spero.

111 1681 174 1736 8.
256 1681 632 1749 Hungaromm
672 1694 798 1752 pars
841 1678 1196 1752 Germaniam,
1243 1696 1367 1752 pars
1404 1681 1613 1736 ltaliam
1655 1684 1814 1753 petiit
1872 1685 2045 1753 primo
2078 1692 2227 1737 vere.

39 1782 72 1824 s
101 1781 246 1824 sese
277 1769 436 1837 Hugo
462 1781 575 1841 rex,
603 1770 893 1824 contractis
914 1767 1118 1824 viribus
1146 1768 1409 1840 Ligurum,
1449 1769 1741 1841 insubrum,
1779 1769 2086 1840 Tuscorum,
2115 1768 2232 1825 Ve-

39 1862 253 1928 rior-um,
303 1856 526 1924 objecit.
597 1857 875 1926 Angustiis
924 1869 1109 1913 arcere
1145 1870 1255 1914 non
1301 1857 1524 1914 difficile
1569 1861 1683 1926 suit,
1726 1870 1905 1926 neque
1949 1859 2230 1927 quicqua-

38 1945 351 2002 emorabile
388 1944 505 2001 illic
539 1949 722 2000 aetum
756 1943 1002 2000 referturi-
1074 1945 1197 2001 Rex·
1229 1946 1425 2002 deinde
1452 1949 1764 2001 instructam
1805 1944 2043 2016 militem,
2072 1958 2230 2014 quem

39 2032 82 2088 b
131 2034 316 2103 sig-nis
363 2035 601 2090 retinere
641 2035 833 2104 potuit,
873 2029 1056 2090 adulto
1094 2036 1207 2103 jam
1234 2048 1375 2090 anuo
1418 2034 1633 2090 Romam
1676 2031 1837 2103 duxit,
1880 2039 1940 2089 ut
1976 2047 2229 2104 sponsam

38 2137 303 2195 ipamque
331 2121 607 2190 liberaret,
642 2120 937 2190 augustalis
965 2124 1196 2178 nominis
1218 2127 1418 2194 certus,
1444 2124 1491 2176 si
1511 2122 1889 2177 successisset.
1962 2122 2071 2178 Sed
2098 2121 2229 2177 nibil

38 2214 113 2284 git,
141 2211 428 2269 Albericoe
446 2211 672 2281 patricio
693 2209 1256 2281 sortiterresistente,
1296 2215 1353 2267 et
1380 2211 1920 2277 Romanis-majorem
1960 2210 2229 2265 dominum

38 2301 326 2357 flentibus.
433 2297 777 2371 Crediderim,
820 2298 962 2353 bunc
1007 2301 1316 2370 suspicione
1363 2303 1577 2368 tactum,
1633 2303 1742 2353 aut·
1770 2299 1966 2353 indicia
2010 2303 2224 2354 nactum

38 2391 510 2447 numunicatorum
537 2389 722 2444 matris
761 2385 1052 2457 fratrisque
1079 2385 1449 2456 curnllagone
1477 2385 1835 2460 consiliorum,
1866 2393 2144 2457 uirumque
2172 2388 2229 2441 in

38 2482 274 2536 otestate
311 2476 516 2534 babere
541 2476 798 2539 voluisse,
837 2480 893 2532 et
928 2476 1156 2532 salutem
1185 2479 1311 2533 ante
1337 2489 1579 2530 rumores
1607 2474 1879 2531 babuisse.
1954 2476 2229 2542 nugonem

38 2571 178 2624 utem
215 2569 275 2622 in
311 2566 552 2622 exercitu
593 2565 873 2633 ilungaros
902 2567 1282 2634 stipendiarios
1316 2577 1383 2619 ex
1418 2566 1502 2634 iis,
1549 2576 1689 2633 quos
1718 2561 2004 2634 repulerat,
2042 2568 2231 2632 captos

38 2655 86 2712 el
132 2655 430 2711 conductos
473 2653 749 2724 babuisse,
797 2654 888 2724 qui
932 2654 1281 2709 excursiones
1330 2654 1386 2707 in
1431 2654 1688 2717 regiones
1735 2652 1962 2712 vicinas,
1989 2652 2229 2707 iecerint.

38 2750 202 2817 taque-
227 2742 516 2800 chronicon
556 2742 612 2799 8.
639 2743 912 2799 vincentii
953 2743 1018 2798 ad
1049 2741 1362 2798 Vulturnum
1393 2741 1487 2796 lib.
1520 2740 1608 2795 lv.
1655 2741 1865 2810 Unqari
1898 2741 2139 2810 (inquit)
2172 2743 2231 2795 in

38 2833 249 2905 lpuliam
264 2834 540 2887 ommni.
612 2830 768 2901 Enyo
790 2845 896 2884 rea:
913 2832 1142 2886 Romam
1155 2832 1316 2901 venit,
1339 2830 1439 2884 aed
1452 2831 1683 2897 turpiter
1701 2830 1881 2884 rediit.-
1949 2827 2228 2898 {ingonem

42 2925 94 2978 ui
118 2922 343 2989 maligne
378 2917 653 2990 juvabant,
688 2917 977 2974 mobilibus
1005 2919 1235 2985 ingeniis
1263 2917 1519 2974 italorum
1547 2929 1676 2985 erga
1703 2917 2013 2988 principem,
2043 2923 2098 2973 et
2125 2917 2231 2985 gli-

38 3009 280 3066 centibus
305 3011 412 3077 jam
440 3013 549 3062 tum
576 3007 836 3078 consiliis,
862 3020 1003 3078 qnae
1027 3021 1150 3062 mox
1177 3019 1436 3077 erupere3
1479 3005 1577 3060 sed
1605 3017 1713 3074 que
1741 3006 1909 3073 magis
1928 3005 2008 3060 illi
2027 3006 2230 3063 nudare
2289 3055 2296 3070 ,

38 3101 116 3153 risi
142 3100 354 3167 animes,
383 3111 452 3152 ee
480 3098 656 3152 acrius
682 3097 835 3166 liugn
864 3098 1013 3167 eniti,
1040 3102 1099 3152 ut
1126 3098 1240 3152 suis
1267 3093 1575 3150 bominibus
1600 3093 1865 3149 ecclesias
1892 3099 1949 3149 et
1975 3093 2230 3164 praefec-

39 3197 160 3244 'nras
187 3188 341 3243 daret.
413 3185 717 3244 Eilduinum
754 3191 1034 3254 cognatum
1066 3184 1369 3241 Mediolano
1397 3181 1670 3254 imposuit,-
1698 3181 1998 3238 Manassen
2027 3182 2229 3238 deinde

38 3277 174 3335 ilium
209 3277 549 3347 propinquum
588 3273 962 3330 Arelatensem
1003 3274 1322 3344 praesulem.
1350 3271 1420 3328 ad
1462 3284 1543 3326 se·
1567 3275 1742 3343 vocat,
1788 3273 1950 3340 eique
1998 3271 2230 3326 diversis

38 3363 328 3438 emporibus
355 3361 1027 3432 ecclesiamfflantuanam,
1055 3360 1431 3430 Tridentinam‚
1457 3359 1826 3415 veronensem
1850 3359 2232 3414 administran-

39 3473 136 3514 ,ιω
180 3451 457 3508 committit.
529 3450 639 3507 Sed
677 3463 784 3508 nec
820 3452 878 3505 in
921 3448 1087 3505 iratre
1128 3454 1188 3507 et
1222 3450 1538 3521 propinquis
1576 3454 1667 3505 aut
1694 3447 2043 3517 popularibus
2071 3445 2229 3502 iidem

38 3542 246 3608 avenit3
272 3554 382 3596 cum
408 3542 772 3611 ipse-quoque
798 3541 1213 3611 propinquum
1241 3537 1553 3595 caritatibus
1581 3547 1763 3608 pamm
1789 3540 2105 3592 moveretur.

158 3631 210 3687 9.
273 3628 659 3699 Papebrochias
695 3644 746 3685 v.
777 3628 847 3684 cl.
875 3628 1041 3683 initio.
1070 3628 1200 3684 tomi
1240 3626 1347 3682 vn.
1391 3633 1695 3682 sanctorum
1724 3623 1850 3692 Maii
1880 3623 1947 3678 e'x
1982 3620 2230 3690 catalogo

38 3721 247 3793 [nodam
277 3724 454 3774 vetere
480 3717 871 3774 Mediolanensi
910 3716 1129 3786 colligit,
1170 3715 1505 3771 Lamia-ertum
1535 3714 1994 3782 archiepiscopum
2024 3708 2232 3766 obiisse

38 3828 69 3871 i.
102 3811 172 3867 1).
197 3806 304 3864 932.
372 3808 487 3871 Quo
528 3807 781 3876 admisso,
818 3804 1051 3860 auduini
1091 3806 1358 3875 promotio
1395 3807 1453 3860 in
1518 3803 1744 3859 eandem
1782 3797 1967 3854 sedem
2005 3797 2231 3870 amplius

38 3898 222 3958 lifferrl
241 3909 337 3952 non
359 3901 560 3966 potest.
631 3894 916 3951 antherius
941 3894 1176 3949 Hilduini
1202 3895 1417 3949 assecla
1444 3893 1638 3948 deinde
1664 3891 1881 3945 Romam
1910 3887 2149 3957 mittitur,
2171 3892 2232 3944 ut

38 3989 240 4046 »alliun
270 3987 316 4041 ei
342 3987 609 4055 impetret.
682 3981 852 4055 Redit,
893 3987 950 4039 et
992 3996 1112 4042 cam
1147 3981 1310 4052 pallio
1339 3982 1526 4037 literas
1553 3978 1811 4034 ‚lobannis
1848 3989 2023 4046 papae
2060 3974 2232 4047 affert,

38 4076 226 4150 goiim
259 4076 364 4145 ipse
404 4074 471 4128 ad
509 4073 854 4128 obtinendum
871 4070 1251 4128 ,veronensem
1280 4071 1666 4141 episcopatum,
1693 4065 1946 4121 Hildaino
1974 4065 2232 4123 hactenus

38 4173 340 4236 possessum,
367 4163 575 4232 liugoai
604 4159 1087 4217 commendabatur.
1159 4159 1274 4216 Rem
1295 4161 1405 4229 jam
1436 4154 1629 4211 dudam
1657 4158 1774 4224 ejus
1805 4167 1958 4225 spem
1979 4153 2232 4210 Baiberio

38 4253 250 4320 fecerat,
279 4251 367 4307 sed
404 4267 550 4309 nunc
588 4251 741 4308 alteri
784 4249 1101 4306 destinabat„
1184 4248 1365 4306 Cessit
1405 4252 1582 4302 tamen
1623 4247 1734 4299 tant
1762 4242 2032 4301 Romanae
2075 4257 2232 4299 con-

38 4340 366 4401 mendatlonis
391 4343 680 4412 autoritati,
713 4345 824 4396 tum
850 4341 1079 4395 maxime
1108 4339 1245 4410 spei,
1285 4349 1444 4407 quam
1472 4332 1710 4389 Baiberii
1735 4332 1951 4389 morbus
1979 4330 2234 4401 faciebat,

38 4447 112 4489 ex
139 4443 234 4499 qun
257 4433 679 4486 commentus-us
698 4443 806 4484 non
831 4426 1161 4483 credebatur.
1236 4425 1392 4490 Quae
1411 4428 1682 4493 utcunque
1705 4425 1759 4477 in
1787 4422 1999 4490 longum
2022 4419 2233 4476 waltere

43 4519 198 4589 velis,
219 4519 403 4588 oportet
435 4520 609 4576 tamen
638 4518 856 4591 pallium
879 4522 1003 4573 ante
1031 4511 1287 4572 lobannis
1315 4516 1399 4571 xl.
1431 4515 1651 4571 mortem
1680 4514 2017 4583 impetratum
2047 4506 2231 4578 ruisse,
