2817 4959
673 267 1207 343 ANNALES
1278 269 1738 343 IMPERII
2186 273 2314 345 605

49 443 292 506 {aliiae
322 453 671 521 expugnaret,
698 462 803 505 nec
827 448 992 506 ullam
1011 447 1217 505 Galliae
1244 449 1386 518 regls
1406 448 1660 505 Ludovici
1680 447 1860 505 Crassi
1888 447 2144 520 principis
2169 448 2311 508 baud
2340 449 2405 519 A.
2430 443 2565 516 ”¹-

49 538 277 608 aollis,
326 539 378 592 si
407 536 548 607 qnod
577 539 629 592 ei
650 539 741 605 jus
771 538 958 608 fuerat,
1000 539 1052 592 in
1097 541 1208 593 tota
1247 538 1347 593 bac
1374 537 1765 607 disceptatione
1791 540 2050 595 rationem
2079 537 2316 596 habitam

49 628 268 698 uisse,
315 630 413 680 aut
439 628 720 695 quicquam
750 625 817 680 ab
848 627 967 696 ipso
1010 626 1193 680 tuendi
1221 628 1305 680 sui
1326 627 1463 694 juris
1494 639 1656 681 causa
1684 632 1872 681 actum.
1957 627 2072 683 Nec
2099 626 2317 685 diffiteri

54 715 237 769 radet
288 713 627 785 BlondelluS,
674 728 792 769 cum
837 713 991 769 locus
1039 713 1232 768 dicitur
1271 716 1408 769 situs
1455 715 1507 768 in
1551 715 1778 770 termino
1820 716 1986 786 regui,
2027 715 2319 785 significari

49 816 303 872 egnum
335 802 572 858 Henrici.
643 801 760 857 Etsi
802 806 1087 872 argutetur,
1131 814 1298 873 posse
1337 803 1392 858 in
1434 804 1658 858 termino
1689 805 1847 872 regni
1887 817 2031 874 esse,
2073 806 2217 876 qnod
2245 807 2315 864 de

50 907 243 962 *egno
276 905 391 947 non
412 893 497 945 sit.
554 889 677 946 Mox
705 894 1029 946 memorante
1044 889 1295 945 Alberico
1324 889 1391 945 ad
1419 905 1612 947 annum
1642 891 1885 946 eundem.
1941 891 2317 953 intervenien-
2383 881 2404 892 ἱ

49 981 216 1036 tibus
267 993 371 1049 pro
414 981 610 1035 comite
638 981 783 1034 Barri
825 980 894 1034 de
936 983 1250 1048 toto-reguo
1289 977 1640 1050 (Germanico
1683 978 1926 1047 scilicet]
1965 980 2314 1040 nobilissimis

49 1070 523 1137 consanguineis,
560 1070 850 1138 imperator
891 1080 1012 1123 eum
1054 1069 1296 1123 custodia
1337 1066 1500 1123 solvit
1542 1082 1659 1124 cum
1701 1066 1946 1124 omnibus
1990 1070 2117 1140 suis,
2161 1075 2216 1126 et
2254 1073 2316 1128 ut

49 1156 177 1212 sibi
210 1162 507 1225 cognatum
535 1156 600 1211 ad
629 1157 843 1227 propria
868 1157 1105 1226 remisit}
1146 1156 1504 1212 tantummodo
1546 1155 1834 1212 hominium
1862 1156 1928 1212 ab
1960 1168 2026 1212 eo
2055 1161 2312 1231 suscepit.
2373 1197 2376 1202 «

49 1244 445 1301 munitissimo
493 1250 670 1299 castro
714 1249 928 1315 praeter
973 1247 1403 1314 expectationem
1444 1246 1498 1300 vi
1542 1250 1713 1316 capto,
1765 1249 2023 1302 terrorem
2069 1246 2313 1304 omnibus
2413 1295 2418 1300 .

49 1334 379 1391 Gallicanis
406 1335 660 1402 injectum
696 1336 899 1389 notavit
936 1330 1063 1389 Otto
1101 1335 1407 1404 episcopus.
1470 1332 1602 1390 Inde
1629 1332 1768 1388 male
1797 1333 2106 1391 Blondellns
2134 1336 2313 1408 infert,

49 1426 316 1480 castrum
349 1420 540 1477 Gallici
560 1423 697 1489 juris
726 1420 915 1478 fuisse.
946 1472 950 1475 ⁴
982 1422 1116 1478 Nam
1145 1424 1203 1475 nt
1230 1425 1453 1493 taceam,
1491 1427 1547 1477 et
1582 1420 1704 1476 aliis
1733 1422 2083 1493 scriptoribus
2111 1423 2315 1498 Lotbaff-

49 1513 305 1581 ringiam
337 1511 403 1566 ad
433 1509 658 1566 Galliam
684 1508 875 1580 referri
903 1507 971 1564 ob
998 1508 1259 1578 linguam3
1298 1509 1420 1579 quis
1446 1523 1553 1565 nou
1581 1510 1744 1583 videt,
1770 1514 2024 1568 terrorem
2056 1514 2215 1568 etiam
2244 1514 2313 1569 ad

49 1602 290 1657 vicinos
334 1599 534 1669 porrigi
575 1599 833 1669 potuisse,
874 1613 943 1653 ne
985 1598 1110 1668 quid
1152 1601 1206 1652 in
1250 1598 1535 1653 Henricum
1576 1603 1763 1667 ejusve
1790 1595 2006 1669 reguum
2036 1601 2310 1660 auderent.

50 1690 385 1746 Hominium
415 1690 573 1742 etiam
602 1686 671 1742 de
697 1688 818 1756 ipso
848 1689 1023 1741 castro
1054 1673 1298 1742 Barrensi
1327 1685 1519 1757 datum,
1548 1688 1601 1742 in
1631 1687 1911 1743 annalibus
1939 1688 2086 1745 urbis
2112 1690 2312 1746 virdu-

51 1776 268 1833 nensis
311 1773 602 1830 Ricbardus
643 1774 1055 1844 Wasseburgius
1102 1774 1453 1830 virdunensis
1496 1774 1899 1831 archidiaconus
1940 1767 2310 1848 antiquitatum

54 1864 422 1934 Belgicamm
459 1863 605 1935 legit,
635 1863 884 1934 quicquid
913 1862 1223 1919 Blondellns
1249 1862 1396 1918 nulia
1424 1864 1719 1931 argumenti
1747 1867 1932 1933 speeie
1961 1867 2309 1925 contradicat.

54 1954 287 2023 Nempe
336 1955 574 2024 apparet,
620 1954 887 2023 comitem,
932 1955 993 2006 nt
1030 1953 1193 2006 vitam
1232 1953 1385 2021 (narn
1426 1950 1561 2008 baec
1605 1965 1819 2022 qnoque
1862 1955 2162 2023 periclitata
2204 1960 2308 2028 est,

60 2042 409 2099 decernente
437 2041 782 2112 suspendium
811 2040 1164 2110 imperatore)
1202 2044 1257 2093 et
1290 2037 1451 2095 feuda
1480 2038 1548 2095 ob
1579 2042 1778 2098 crimen
1806 2041 2116 2099 rebellionis
2146 2046 2309 2100 amit-

62 2131 242 2188 tenda
277 2134 531 2200 tueretur,
568 2129 743 2199 qualis
771 2133 886 2185 erat
912 2128 1199 2184 floritionis
1228 2129 1528 2201 comitatus,
1567 2131 1726 2186 etiam
1763 2130 2015 2188 allodium
2041 2131 2307 2192 Burrense

66 2221 237 2292 quasi
278 2217 454 2290 lytron
492 2219 800 2287 imperatori
840 2219 894 2272 in
937 2216 1151 2273 seudum
1180 2216 1460 2273 obtulisse.

221 2307 309 2365 29.
379 2304 605 2362 Accedit
648 2306 785 2362 atius
824 2304 1061 2360 Alberici
1105 2305 1259 2361 locus
1307 2305 1636 2362 clarissimus
1682 2319 1749 2363 ex
1792 2309 1980 2364 seculo
2022 2312 2307 2380 sequente,

69 2410 188 2467 qno
216 2398 335 2466 ipse
365 2396 507 2450 vixit.
582 2396 645 2449 Α.
669 2394 730 2449 Ι).
752 2393 887 2450 1212
915 2393 1220 2465 Raynoldus
1246 2393 1315 2450 de
1343 2388 1549 2450 Domno
1579 2393 1805 2451 Martino
1836 2410 2019 2453 comes
2046 2398 2306 2457 Boloniae

71 2490 369 2557 suspectus
411 2487 523 2540 erat
563 2480 735 2538 factus
775 2485 888 2551 regi
917 2481 1125 2539 Galliae
1164 2481 1423 2554 Philippo,
1467 2484 1608 2554 quod
1639 2483 1989 2540 Moretonium
2025 2488 2306 2558 munierat,

73 2575 403 2643 nuntiosque
433 2573 498 2627 ad
524 2571 772 2627 Ottonem
804 2570 889 2627 iv.
916 2572 1293 2640 imperatorem
1322 2575 1378 2627 et
1400 2570 1696 2627 Jobannem
1726 2587 1905 2642 regem
1923 2574 2148 2642 Angliae
2179 2578 2307 2631 mit·

74 2669 201 2720 tere
240 2661 527 2717 dicebatur.
601 2659 716 2715 Rex
756 2665 1080 2728 congregato
1121 2660 1361 2714 exercitu
1401 2661 1685 2728 occupavit
1722 2659 2075 2716 Moretonium
2111 2667 2168 2718 et
2195 2663 2305 2721 alia

76 2755 205 2823 ejus
224 2749 355 2820 loca,
372 2755 422 2805 et
438 2755 516 2805 sic
534 2747 730 2818 (verba
750 2752 873 2802 snnt
890 2746 1158 2818 Alberici)
1181 2762 1357 2801 comes
1373 2762 1410 2801 a
1428 2750 1538 2802 teto
1554 2761 1724 2817 reque
1741 2746 2014 2818 (Galliae)
2027 2750 2303 2816 decedens,

77 2842 307 2897 accessit
335 2841 408 2893 ad
432 2842 673 2901 conulem
697 2838 870 2894 Barn‘
895 2829 1321 2909 (Theobaldum)
1349 2840 1637 2904 cognatum
1660 2850 1834 2899 suum,
1863 2840 1914 2891 et
1933 2841 2134 2893 mansit
2157 2840 2305 2909 apud

80 2941 223 2985 eum.
293 2928 386 2983 Hic
413 2926 727 2984 Blondellns
754 2938 936 2981 rursus
966 2923 1033 2980 ad
1071 2927 1307 2993 argutias
1343 2923 1635 2993 coningere
1672 2926 2190 2996 coactus,-potuisse
2226 2928 2304 2983 ait

82 3031 299 3073 manere
324 3016 457 3086 apud
478 3017 724 3071 comitem
747 3015 905 3085 Bari-i,
935 3015 1033 3069 sed
1061 3015 1115 3069 in
1144 3014 1296 3085 locis,
1326 3026 1465 3083 quae
1483 3020 1635 3069 extra
1655 3015 1958 3069 comitatum
1983 3014 2302 3073 Barrensem

85 3118 269 3161 comes
297 3107 346 3160 in
372 3118 534 3174 regno
555 3104 870 3160 Germanico
900 3101 1157 3168 babebat3
1188 3104 1340 3172 quasi
1368 3101 1579 3158 bostem
1607 3115 1760 3158 suum
1789 3117 1820 3158 a
1848 3101 2054 3158 vasallo
2083 3104 2303 3175 impune

84 3195 290 3267 protegi
317 3208 377 3248 ac
403 3197 690 3250 sustentari
731 3205 986 3264 passurus
1030 3190 1222 3247 luisset
1262 3189 1535 3263 Philippus
1574 3206 1684 3262 rex,
1726 3193 1772 3246 si
1815 3189 1940 3246 talis
1979 3193 2085 3264 ipsi
2115 3205 2301 3250 comes

87 3284 353 3339 Banensis
398 3280 606 3337 fuisset.
687 3281 1023 3337 Theobaldus
1070 3282 1173 3335 iste
1220 3278 1460 3334 Raiualdi
1505 3278 1663 3350 filins,
1711 3278 1952 3338 Rainaldi
1995 3281 2190 3351 prioris
2230 3280 2299 3338 ab

88 3372 312 3428 Henrico
340 3370 398 3427 V.
424 3375 651 3440 augusto
681 3372 822 3442 capti
851 3374 905 3425 et
932 3370 1138 3424 dimissi
1176 3381 1349 3438 nepos
1386 3366 1504 3425 fuit.
1575 3368 1912 3424 Theobaldus
1940 3371 2122 3436 genuit
2147 3370 2299 3427 Hen-

88 3463 270 3531 ticum,
295 3462 378 3531 qui
397 3451 757 3515 ‘theobaldum
778 3458 1085 3529 secundum,
1113 3459 1202 3527 qui
1224 3456 1509 3512 Henricum
1528 3457 1769 3529 alterum,
1788 3457 2077 3513 Alienorae
2092 3456 2300 3527 angiae

92 3551 337 3620 maritum,
375 3555 577 3620 patrem
613 3545 858 3618 eduardi,
899 3560 1053 3601 avum
1096 3545 1329 3617 marici,
1371 3558 1441 3602 ex
1468 3559 1574 3617 quo
1601 3551 1758 3602 natus
1787 3544 2067 3616 Robertus,
2097 3546 2299 3615 primus

95 3639 240 3695 Burri
266 3639 358 3693 dux
381 3642 609 3693 creatuS.
2335 3633 2348 3652 “

234 3725 309 3782 30.
371 3725 534 3781 Multa
564 3724 669 3781 alia
689 3723 989 3780 chiffletius
1016 3738 1112 3796 pro
1136 3722 1415 3794 diligentia
1443 3736 1540 3779 sna
1567 3724 1621 3779 in
1649 3735 1758 3778 rem
1788 3721 1969 3778 affert:
2008 3719 2297 3780 Rainaldus

98 3814 210 3871 illic
233 3816 360 3885 prior
388 3827 569 3870 comes
597 3814 872 3870 Barrensis
903 3812 1220 3884 subscripsit
1257 3812 1472 3869 chartae
1498 3811 1834 3883 imperatoris
1862 3808 2094 3866 Lotliarii
2120 3801 2297 3867 Saxo-

98 3906 184 3962 nis
208 3904 417 3961 Treviris
449 3904 606 3959 datae
641 3917 690 3958 a.
721 3900 782 3957 D.
815 3903 967 3959 1131.
1038 3900 1170 3970 Ejus
1198 3897 1772 3979 pronepes-ilenricus,
1814 3897 2106 3955 Theobaldi
2134 3899 2296 3971 paulo

104 3996 222 4050 aute
257 3994 369 4048 dicti
410 3991 567 4061 iilius,
618 3991 757 4061 apud
798 3990 1142 4047 valentianas
1184 3990 1502 4060 subscripsit
1543 3987 1757 4043 chartae
1799 3985 2011 4045 ottonis
2047 3987 2144 4055 1v3
2198 3986 2298 4044 sed

102 4087 278 4156 postea
302 4080 361 4137 ab
388 4094 455 4137 eo
484 4079 684 4137 defecit
710 4080 776 4135 ad
804 4079 1129 4136 Fridericum
1159 4076 1246 4148 111,
1272 4083 1329 4134 et
1354 4075 1598 4147 Philippo
1624 4078 1738 4146 regi
1767 4075 1978 4140 Galliae
2002 4078 2058 4131 in
2083 4075 2298 4145 praelio

104 4171 364 4227 Boviuensi
390 4168 562 4225 affuit:
602 4183 781 4239 neque
809 4170 950 4225 enim
977 4168 1101 4223 ideo
1130 4165 1545 4238 periclitabatur,
1588 4168 1635 4221 si
1665 4164 1962 4222 Germanici
1990 4165 2142 4232 regni
2167 4165 2300 4219 feu-

106 4259 315 4315 datarius
340 4263 466 4330 erat,
507 4263 566 4314 ut
595 4256 903 4314 Blondellns
932 4256 1136 4327 objicit,
1176 4256 1302 4326 quia
1338 4257 1566 4310 maxima
1592 4270 1715 4327 pars
1743 4255 2054 4325 principum,
2095 4251 2294 4310 ottone

107 4346 313 4419 deserto,
363 4347 680 4403 fridericum
726 4346 1069 4417 sequebatur.
1158 4344 1421 4415 Antiqaus
1471 4345 1913 4400 consuetudinum
1959 4339 2295 4397 Bmensium

108 4433 277 4508 codex,
313 4449 354 4492 a.
380 4435 443 4492 1).
473 4434 629 4496 1506.
666 4435 909 4493 ordinum
949 4434 1237 4492 autoritate
1283 4435 1343 4491 in
1380 4434 1696 4507 scripturam
1724 4431 2074 4501 redacturum,
2113 4425 2294 4501 babet,
