2817 4959
616 330 1150 403 ANNALES
1221 333 1675 405 innan
2128 335 2258 409 62⁷

67 507 212 564 trena
236 502 491 563 descendi
514 505 665 579 vidit,
702 505 917 566 infestis
942 509 1268 582 mutisque
1306 524 1371 569 se
1396 511 1539 571 ultra
1568 512 1792 571 credm
1826 525 1936 571 noa
1973 525 2155 590 ausus,
2189 517 2248 574 in
2271 512 2339 584 Δ.
2363 511 2504 583 058.

67 592 261 649 Brisaco
288 597 465 650 castro
491 592 717 667 abditur,
759 597 900 668 quod
927 596 1220 656 Eberhardi
1247 599 1389 657 iilius
1418 600 1697 659 conradus
1721 600 1969 659 babebat.
2023 602 2258 676 legun-

65 683 142 751 ιιι,
164 679 300 738 baud
327 683 442 739 scio
468 696 539 741 an
561 685 685 757 ipso
712 685 1063 759 machinante,
1098 687 1326 746 Ludoll'o
1353 693 1410 747 et
1438 689 1682 748 Conrado
1710 703 1776 746 se
1801 688 1976 747 tradit.

184 770 233 824 7.
300 768 436 826 Dum
465 777 762 831 conventus
789 776 962 843 agitur
986 777 1045 832 ln
1068 774 1304 851 Francia,
1331 777 1609 835 conradus
1630 777 2008 835 Lotbarienses
2036 783 2128 837 aut
2153 781 2259 839 sibi

63 856 333 927 idjuugere
357 862 450 916 aut
475 860 749 931 subjicere
771 862 1002 922 molitur.
1060 865 1168 922 Sed
1196 865 1411 924 domino
1439 867 1724 926 adversum
1749 868 1974 940 pristina
2001 871 2259 927 autoritas

63 944 378 1020 destituebat,
432 961 539 1007 nec
575 952 746 1019 gratia
783 950 1003 1009 valebat
1043 953 1187 1023 apud
1229 955 1478 1028 populos,
1531 955 1724 1027 quibus
1770 954 1911 1013 baud
1953 956 2259 1017 volentibus

61 1045 217 1104 neque
268 1036 403 1092 satis
459 1037 732 1096 moderate
782 1040 1135 1111 imperitabat.
1222 1040 1409 1113 ltaque
1456 1048 1513 1101 et
1554 1043 1828 1101 Adelbero
1874 1045 2164 1116 episcopus
2202 1049 2263 1103 et

61 1119 330 1191 hginerus
358 1124 780 1183 llainonensium
820 1141 1004 1185 comes
1045 1133 1232 1201 aperte
1269 1129 1556 1190 obsistunt.
1628 1131 1922 1203 Ragiuerus
1949 1134 2112 1188 etiam
2138 1147 2261 1190 mu-

59 1209 294 1270 nitione-
322 1213 589 1283 quandam
616 1230 785 1287 prope
812 1215 1014 1272 Mosam
1040 1215 1273 1290 obsidet,
1317 1221 1403 1276 cui
1428 1219 1703 1278 Conndus
1731 1220 2055 1292 praesidium
2081 1221 2262 1292 impo-

59 1303 245 1356 tuerat:
284 1301 425 1360 duce
466 1305 579 1360 suis
620 1303 863 1361 subsidio
905 1307 1171 1378 veniente,
1212 1320 1301 1364 res
1328 1309 1397 1365 ad
1432 1309 1694 1379 praelium
1730 1309 1960 1366 deducta
1995 1306 2081 1367 est
2118 1307 2260 1365 haud

57 1386 221 1456 procul
258 1389 431 1464 losa,
473 1390 568 1447 ubi
605 1391 822 1450 infestis
849 1395 1041 1451 animis
1068 1409 1389 1454 concursum
1418 1401 1518 1469 est,
1559 1396 1741 1453 multis
1766 1399 2018 1468 utrinque
2042 1398 2261 1467 occisis,

57 1473 234 1534 ini-so
261 1480 426 1537 etiam
452 1478 696 1538 Conrado
722 1480 1019 1540 Everbardi
1043 1482 1170 1541 filio.
1240 1485 1361 1541 Dux
1385 1485 1546 1541 amici
1573 1485 1742 1542 caede
1768 1483 2038 1557 efferatus,
2076 1486 2263 1542 incre-

55 1560 219 1620 iibilia
243 1562 576 1626 tortitudinis
604 1567 920 1627 documenta
948 1571 1111 1643 dedit,
1149 1573 1330 1630 multis
1356 1572 1589 1629 bostium
1617 1585 1716 1629 sua
1741 1587 1902 1630 manu
1941 1571 2258 1631 interiectis.

55 1647 307 1712 Postremo
334 1660 533 1730 tamen,
560 1660 621 1715 ut
646 1672 826 1731 causa,
851 1660 928 1715 ita
956 1658 1167 1718 fortuna
1192 1660 1417 1719 inferior
1440 1660 1556 1734 ruit,
1583 1674 1753 1734 seque
1777 1676 1850 1719 ex
1876 1660 2002 1731 ruga
2027 1659 2259 1732 flegun·

53 1738 162 1797 tiam
183 1748 411 1818 recepit,
443 1760 550 1817 qno
578 1750 742 1805 etiam
769 1746 1027 1806 Ludolius
1053 1750 1218 1807 venit.

169 1829 222 1887 8.
290 1833 538 1892 Proxime
564 1841 693 1894 ante
717 1836 863 1894 urbis
890 1836 1229 1895 obsidionem
1257 1837 1458 1895 factum
1484 1837 1728 1908 arbitror,
1768 1837 1912 1908 quod
1937 1834 2259 1894 witikindus

51 1920 225 1990 mut,
248 1919 435 1994 neque
460 1927 604 1982 enim
643 1928 736 1982 aut
775 1926 1006 1983 obsessa
1046 1926 1195 1999 arbe,
1236 1930 1329 1983 aut
1366 1930 1564 1997 postea
1603 1924 1720 1982 lieri
1759 1924 1864 1981 boc
1889 1939 2030 1981 auno
2070 1926 2262 1996 potuit,

51 2015 137 2061 Ιοο
171 2009 227 2065 ln
263 2016 584 2084 sequentem
626 2013 825 2071 differri
861 2013 1038 2072 debet.
1108 2016 1462 2073 Herimannus
1503 2014 1717 2073 scilicet
1754 2028 1896 2070 nuuc
1937 2013 2112 2070 iactus
2151 2011 2259 2068 dux

49 2088 311 2156 saxoniam
338 2101 680 2174 procurabat,
720 2106 840 2173 ejus
879 2104 1058 2161 studio
1084 2104 1449 2175 Thiadericus,
1489 2105 1580 2175 qui
1619 2103 1813 2174 postea
1852 2100 2174 2160 marchionis
2204 2103 2262 2158 et

49 2178 180 2240 ducis
221 2187 481 2247 bonorem
527 2190 771 2263 obtinuit,
820 2194 1104 2263 juniorque
1147 2193 1493 2261 wigmannus
1536 2192 1653 2261 regi
1699 2192 1885 2262 copias
1930 2189 2259 2246 adducentes

47 2264 351 2340 “omnam
401 2277 714 2351 obsessuro,
771 2294 805 2336 a
849 2278 1078 2337 Ludoll'o
1129 2285 1186 2337 et
1230 2278 1476 2336 Conrado
1521 2279 1831 2336 circumfusi
1873 2280 1931 2335 in
1976 2274 2258 2334 castellum

47 2360 294 2427 quoddam
320 2369 729 2441 compelluntur,
772 2372 831 2427 et
856 2371 982 2440 post
1009 2367 1168 2424 tridui
1196 2367 1646 2439 oppugnationem
1685 2369 1744 2424 ln
1769 2367 2054 2424 saxoniam
2079 2364 2260 2422 redire

45 2455 318 2519 wantum
359 2455 704 2513 'l'biadericus
743 2457 951 2527 magnis
977 2456 1259 2529 promissis
1285 2469 1319 2511 a
1346 2453 1575 2511 Ludoli'o
1609 2459 1966 2526 nequicquam
1993 2456 2257 2522 tentatur,

45 2531 393 2611 wigmannus,
408 2541 710 2613 wigmanni
734 2556 908 2615 nuper
935 2542 1173 2600 defuncti
1200 2542 1360 2614 filius,
1396 2542 1611 2600 facilius
1639 2557 1797 2601 aures
1826 2537 2085 2616 praebuit,
2111 2539 2257 2613 quod

45 2628 217 2692 patrue
256 2626 577 2685 Herimanno
617 2630 741 2685 duci
778 2631 923 2699 regis
966 2629 1149 2686 favore
1191 2630 1402 2686 florenti
1443 2629 1786 2707 suboil'cusus
1826 2635 1992 2700 esset,
2042 2629 2111 2686 de
2148 2641 2255 2700 que

45 2715 219 2780 postea
257 2716 486 2788 amplius
527 2717 786 2773 dicemus.
858 2716 1221 2774 Theodericus
1257 2731 1291 2773 a
1322 2716 1562 2774 Ditmaro
1603 2717 1740 2774 haec
1778 2718 1914 2789 ipsa,
1953 2714 2053 2773 sed
2091 2714 2256 2786 paulo

45 2797 199 2872 iliter,
254 2809 506 2864 narrante
550 2809 657 2875 tam
701 2807 811 2861 tum
852 2804 960 2861 dux
1003 2804 1302 2876 appellatur
1343 2819 1444 2876 per
1486 2807 1939 2878 anticipationem.
2025 2802 2161 2859 Nam
2199 2807 2258 2860 et

45 2883 346 2950 witikindus
387 2897 444 2952 in
489 2893 598 2951 fine
640 2895 822 2965 operis
867 2894 1153 2965 epistolam
1200 2891 1415 2949 Ottonis
1460 2891 1532 2951 bl.
1582 2907 1652 2949 ex
1697 2891 1946 2949 Calabria
1989 2889 2143 2947 all'ert
2184 2892 2256 2950 ad

45 2971 404 3039 lieri-annun
445 2986 502 3040 et
540 2981 910 3038 ‘thiedericum
950 2980 1136 3038 duces.
1205 2980 1415 3051 Nempe
1453 2980 1928 3053 septentrionalem
1964 2978 2251 3037 marchiam

45 3068 210 3124 matra
249 3069 443 3128 slavos
482 3069 747 3128 tuebatur.
818 3067 1006 3140 ltaque
1047 3068 1115 3125 ab
1157 3070 1351 3126 eodem
1391 3062 1631 3126 Ditmaro
1659 3070 1974 3142 plerumque
2012 3067 2250 3126 marcbio

45 3147 371 3216 thiedericus
396 3158 725 3231 appellatum
755 3158 856 3215 sed
882 3159 1074 3215 iterum
1102 3162 1282 3215 umen
1309 3157 1430 3216 dux.
1505 3157 1650 3215 Tunc
1680 3158 1821 3215 enim
1847 3155 2167 3214 marchionis
2195 3160 2253 3213 et

45 3234 178 3297 heis
204 3259 346 3315 pene
373 3249 563 3307 eadem
591 3245 772 3304 officia
800 3252 971 3318 erant,
997 3250 1056 3304 et
1080 3247 1445 3317 magnitudine
1472 3245 1588 3303 t'ere
1615 3244 2091 3316 distinguebantur.

163 3329 215 3388 9.
283 3336 357 3392 At
394 3351 492 3394 rex
530 3339 738 3394 interea
776 3335 1011 3393 saxonia
1052 3334 1373 3398 llerimanno
1418 3335 1539 3392 duci
1585 3334 1968 3405 commendata,
2015 3333 2249 3391 collecto

45 3420 263 3477 ueroitu
316 3437 386 3481 ex
437 3424 757 3497 saxonibus,
806 3424 1050 3495 Baioaris
1096 3428 1154 3481 et
1197 3422 1447 3482 fidelibus
1504 3423 1722 3481 Francis
1777 3425 1922 3479 circa
1974 3420 2248 3479 Kalendas

45 3496 152 3561 iulii
174 3521 304 3568 suos
332 3513 532 3586 eduxit,
576 3516 634 3570 et
678 3512 955 3585 plerisque
1004 3513 1142 3570 locis
1189 3516 1444 3585 receptis,
1492 3510 1730 3570 rebelles
1774 3511 2081 3581 Moguntiae
2127 3523 2250 3566 cum

45 3586 224 3659 ¹¹80!st
262 3603 534 3670 praesidio
572 3600 813 3658 inclusos
840 3607 900 3658 et
937 3615 1117 3659 rerum
1157 3604 1315 3674 copia
1354 3601 1705 3673 abundantes,
1745 3600 1892 3669 gravi
1919 3600 1976 3655 et
2001 3598 2249 3655 diuturna

45 3674 303 3746 obsidione
330 3692 523 3761 cingit:
553 3693 682 3747 tunc
709 3693 765 3747 et
792 3689 1054 3747 ilenricus
1081 3705 1202 3748 cum
1230 3692 1402 3764 copiis
1429 3692 1487 3747 in
1514 3693 1690 3745 castra
1715 3688 1881 3744 venit.
1943 3685 2096 3743 Bello
2122 3685 2247 3756 plus

45 3774 178 3832 lum
219 3777 364 3834 civili
402 3778 545 3836 filius
587 3793 707 3836 cum
749 3781 903 3852 patre
941 3779 1193 3850 confligit,
1234 3793 1393 3836 socer
1433 3791 1552 3833 cum
1594 3788 1824 3846 genero:
1863 3772 1994 3830 urbs
2033 3772 2247 3831 fortiter

45 3861 368 3938 ippugnatnr,
405 3881 512 3925 nec
550 3869 726 3924 minus
767 3870 1009 3925 animose
1051 3866 1369 3937 defenditur,
1407 3863 1685 3922 macl-inae
1709 3864 1874 3918 muris
1902 3860 2150 3919 admotae
2174 3860 2245 3920 ab

45 3939 234 4005 “bunis
263 3959 575 4013 evertuntur
600 3961 690 4012 aut
717 3956 1084 4013 incenduntur.
1139 3953 1271 4012 Cum
1298 3957 1506 4023 integro
1534 3951 1779 4007 bimestri
1804 3964 1902 4007 rex
1927 3951 2246 4024 assedisset,

45 4035 194 4090 *⁶¹20
233 4038 303 4098 de
343 4056 482 4114 pace
520 4046 770 4116 injicitur,
811 4042 1069 4101 Ludolt'us
1106 4049 1162 4101 et
1198 4041 1475 4100 conradus
1503 4052 1568 4097 se
1594 4039 1660 4096 ad
1688 4039 2015 4111 purgandum
2041 4041 2247 4098 crimen

45 4122 268 4183 'mum
312 4134 643 4205 promittunt,
693 4135 741 4189 si
786 4131 1008 4190 obsides
1053 4133 1242 4189 salutis
1289 4131 1497 4188 dentur.
1580 4128 1843 4186 liebertus
1890 4127 2244 4187 consobrinus

45 4206 163 4272 *8¹³
188 4225 307 4273 oum
333 4218 457 4278 aliis
496 4223 554 4280 iu
591 4220 778 4278 ubam
817 4223 1058 4278 mittitur.
1129 4220 1216 4276 nii
1242 4219 1452 4289 egrossi
1477 4219 1547 4275 ad
1571 4220 1717 4290 regis
1745 4233 1919 4290 genua
1944 4217 2246 4291 procidunt,

45 4298 131 4347 ton
168 4300 275 4360 iam
316 4322 414 4378 pro
459 4323 525 4367 se
585 4324 744 4382 quam
786 4312 977 4367 amicis
1022 4308 1392 4381 deprecantur,
1436 4309 1614 4365 omnia
1659 4322 1724 4365 se
1767 4306 1912 4364 ferre
1950 4318 2019 4361 ac
2057 4303 2243 4363 facere

45 4385 229 4442 mutos
268 4398 572 4472 ostendunt,
610 4400 662 4455 si
700 4400 860 4456 modo
902 4398 1013 4455 illis
1043 4399 1203 4455 venia
1242 4397 1473 4454 daretur.
1543 4399 1616 4454 At
1641 4411 1740 4454 rex
1766 4396 2031 4453 contrario
2058 4392 2239 4451 studio

47 4466 152 4531 Μ*
166 4472 449 4544 inuuere
469 4487 629 4559 (quid
648 4489 790 4548 enin
808 4489 866 4548 in
882 4486 1051 4547 lilium
1070 4488 1253 4545 durius
1272 4487 1627 4559 statuet-eti),
1653 4485 2001 4557 impulsorum
2027 4484 2246 4543 nomina

1674 4595 1760 4662 40
1777 4595 1818 4637 θ
