2817 4959
618 251 1151 323 ANNALES
1219 253 1677 324 IMPERII
2057 323 2066 331 ,
2162 262 2289 327 647

126 433 189 487 2.
278 430 440 501 Rex,
472 442 632 501 queat
660 428 983 489 ordinationi
999 429 1271 488 wilhelmi
1289 430 1386 488 tilii
1415 429 1723 501 uoguutiae
1742 429 1979 504 affuisse,
2006 435 2064 490 et
2083 432 2277 503 hyeme
2302 436 2369 506 Λ,
2397 431 2540 506 955.

27 521 161 577 ὼιιε
196 520 279 576 ad
313 518 581 576 Rhenum
622 520 1008 590 componendis
1048 534 1266 592 operam
1303 519 1522 578 dedisse
1561 523 1798 593 apparet,
1855 522 2033 580 media
2079 526 2289 581 aestate

27 634 34 666 t
56 610 408 666 saxoniam
431 620 706 680 reversus,
722 611 927 679 majore
945 609 1088 668 mole
1115 610 1319 666 instare
1354 609 1618 682 perculsis
1642 611 1753 679 jam
1771 609 2000 666 Slavicis
2027 610 2290 685 hostibus,

27 699 280 755 sonare
310 700 589 754 aarum
618 695 901 770 wgitabat,
928 703 991 754 ut
1025 711 1094 754 ex
1119 698 1355 755 numm
1382 697 1727 770 intelligam
1775 686 1908 755 ninii
1938 702 2183 757 metuens
2220 699 2287 756 an

31 789 311 858 ungaris,
348 799 589 856 quorum
614 786 781 856 iegati
816 788 992 844 secuti
1017 788 1162 844 circa
1183 787 1455 846 Kalendas
1481 786 1624 859 iulii,
1654 787 1883 857 pacitiea
1929 789 2107 846 omnia
2145 802 2290 845 uuu-

29 877 226 945 καὶ,
278 887 409 932 nec
458 876 580 931 siue
618 875 926 932 muneribus
967 876 1347 934 discesserant.
1418 873 1528 934 Sed
1570 877 1938 947 exploratores
1969 876 2160 949 fuisse,
2195 890 2289 935 res

27 963 298 1036 stendit3
334 975 478 1019 mox
507 964 648 1020 enirn
668 965 860 1035 trepidi
889 964 958 1021 ab
986 966 1219 1023 ilenrico
1245 968 1428 1023 nuncii
1451 964 1694 1034 afferunt,
1712 968 1971 1036 majorem
1997 980 2288 1040 quamun-

29 1065 171 1110 uam
200 1052 613 1121 ilungarorum
642 1055 933 1111 exercitum
959 1068 1069 1111 non
1095 1054 1285 1126 procul
1312 1055 1592 1124 Baioariae
1619 1067 1798 1111 marca
1838 1056 2003 1112 coire.
2073 1053 2142 1111 Et
2169 1067 2287 1112 cum

27 1153 188 1212 sepe
220 1145 409 1198 antea
442 1141 698 1197 mediocri
726 1156 885 1199 manu
909 1144 971 1200 in
988 1145 1175 1201 iutim
1200 1143 1524 1201 Francorum
1568 1157 1735 1215 regna
1778 1145 2170 1217 penetrassent,
2197 1145 2289 1199 in-

29 1229 399 1301 alumenque
420 1230 726 1298 redissent3
752 1243 896 1288 nunc
922 1246 1114 1303 magu
1132 1232 1277 1289 mole
1303 1236 1666 1305 erumpentes,
1679 1232 1961 1305 negabant,
1981 1245 2043 1290 se
2063 1232 2290 1304 opprimi

27 1331 207 1391 rosso,
238 1320 364 1374 uisi
385 1318 537 1374 coeli
563 1320 717 1376 ruina
744 1324 835 1376 aut
864 1323 1041 1377 terrae
1067 1320 1234 1377 biatu.
1285 1319 1416 1377 otto
1443 1321 1728 1377 saxoniam
1755 1305 1927 1378 milite
1951 1321 2158 1377 nudare
2181 1334 2290 1377 non

27 1420 206 1479 tusus,
239 1421 377 1463 cun
409 1406 766 1477 wigmannus
794 1411 849 1465 et
874 1408 1138 1465 Ecbertus
1158 1405 1436 1465 Obotritos
1461 1410 1724 1482 ipsosque
1750 1409 1934 1465 Dauos
1963 1411 2107 1466 ciere
2135 1409 2291 1465 dice-

27 1502 228 1568 ·entur,
285 1495 479 1552 Ucros
506 1498 698 1567 victos,
739 1510 852 1553 non
874 1497 1123 1567 domitos,
1151 1501 1453 1570 appareret,
1488 1512 1592 1554 uec
1621 1501 1768 1555 certa
1809 1501 1865 1554 in
1906 1496 2126 1554 Sorabis
2154 1496 2290 1554 tides

27 1590 209 1641 isset·
267 1584 529 1640 dimissis
570 1583 841 1642 celeribus
867 1587 1096 1659 nunciis,
1139 1587 1393 1658 quicquid
1434 1588 1708 1657 copiarum
1733 1589 1930 1659 potest,
1970 1601 2039 1644 ex
2067 1586 2292 1643 Francia

27 1673 506 1744 Aiiemanaiuque
534 1676 756 1741 evocat3
784 1667 906 1745 ipse
935 1689 1054 1731 cum
1090 1676 1277 1745 paucis
1305 1675 1552 1747 delectis,
1580 1673 1723 1732 ,lulio
1757 1677 1871 1745 jam
1912 1678 2191 1747 provecto,
2233 1678 2291 1732 in

27 1761 348 1831 Bajoariam
397 1762 695 1820 contendit.
768 1759 1044 1819 Conradus
1080 1764 1248 1821 etiam
1283 1763 1537 1820 dimissus
1577 1765 1682 1836 est,
1719 1769 1778 1821 ut
1818 1769 2068 1835 quautam
2097 1768 2294 1879 posset

27 1854 369 1907 armatorum
399 1862 617 1905 manum
646 1849 1002 1906 contraheret.

172 1940 233 1998 3.
313 1938 436 1994 Sed
478 1940 764 2007 antequam
802 1938 949 1993 vires
991 1937 1174 2007 colligi
1213 1942 1454 2013 possent,
1498 1939 1752 2012 Huugari,
1813 1939 2131 2011 proculcata
2178 1941 2292 2010 jam

31 2029 329 2084 Austrinos
356 2038 566 2096 marca,
585 2026 903 2080 transmisso
930 2023 1085 2082 Oeno
1111 2026 1272 2081 fluvio
1298 2041 1493 2096 magno
1522 2032 1578 2084 et
1612 2029 1816 2099 rapido,
1843 2028 2050 2085 relictis
2079 2043 2111 2085 a
2138 2031 2290 2099 tergo

31 2119 263 2174 munitis
292 2117 461 2185 locis,
487 2113 785 2182 Baioariam
806 2115 978 2184 ipsam
997 2115 1355 2184 impressione
1374 2115 1554 2172 subita
1571 2116 1742 2172 instar
1760 2116 1985 2172 turbinis
2004 2118 2293 2188 permensi,
2375 2139 2380 2146 ·

31 2203 184 2276 Lyco
214 2206 389 2261 etiam
420 2215 578 2257 amne
605 2205 878 2273 superato,
906 2202 999 2272 qui
1026 2215 1146 2259 eam
1173 2202 1243 2258 ab
1284 2202 1626 2260 Aliemanuia
1666 2204 1958 2276 distinguit,
2022 2219 2197 2275 usque
2223 2204 2292 2260 ad

40 2294 265 2365 sylvam
293 2293 517 2362 Nigrum
557 2290 847 2360 sentesque
877 2289 1110 2347 Danubii
1137 2290 1450 2348 ascendunt.
1489 2291 1750 2362 Quicquid
1780 2299 1931 2350 extra
1955 2285 2172 2350 moenia
2197 2306 2294 2348 ur-

42 2382 189 2439 bium
225 2385 324 2437 aut
353 2381 558 2436 arcium
590 2377 707 2451 fuit,
745 2379 956 2436 flamma
993 2379 1247 2449 ferroque
1273 2378 1592 2436 exhaustum
1619 2385 1737 2448 est;
1765 2383 1987 2451 antiqua
2018 2394 2292 2437 sacrorum

43 2469 325 2526 bominum
354 2468 707 2525 contubernia
734 2469 848 2524 tota
872 2469 1095 2538 regione
1121 2466 1247 2523 binc
1274 2466 1601 2526 excidiorum
1621 2481 1839 2524 suorum
1858 2467 2118 2540 epocham
2138 2481 2292 2525 com-

29 2560 265 2635 putant:
292 2555 517 2610 nonina
554 2554 826 2611 bominum
867 2569 1143 2612 caesorum
1180 2557 1236 2611 et
1262 2554 1552 2623 singularia
1601 2555 1819 2612 casuum
1863 2556 1982 2613 fere
2024 2555 2294 2615 excidere.

29 2645 385 2713 {memoratur
411 2645 592 2698 tamen
617 2640 839 2698 Tbiemo
881 2641 1050 2699 abbas
1083 2656 1204 2697 cum
1231 2653 1333 2697 sex
1356 2643 1584 2697 instituti
1612 2645 1779 2698 sociis
1796 2643 2081 2700 Wessonis
2109 2644 2292 2703 fontes

43 2733 134 2807 (id
161 2735 292 2789 loco
319 2727 557 2797 nomen)
582 2730 842 2798 sauguine
883 2731 1116 2787 auxisse.
1186 2727 1529 2786 Eberhardus
1557 2729 1770 2799 quidam
1798 2732 1940 2787 arcis
1983 2730 2292 2789 Ebersber-

52 2823 238 2894 gensis
272 2818 529 2875 dominus
568 2816 802 2898 bostium
840 2817 1074 2874 insultus
1113 2815 1327 2874 fortiter
1365 2817 1635 2873 sustinuit.
1708 2817 1817 2874 Sed
1858 2818 2152 2888 Frisiugam
2193 2833 2293 2891 per

52 2911 261 2983 aliquot
286 2908 409 2963 dies
430 2908 704 2963 attrivere.
775 2905 920 2963 Mala
945 2904 1014 2963 ab
1042 2907 1303 2975 ilungaris
1331 2904 1484 2962 illata
1509 2903 1673 2975 vulgo
1698 2906 1904 2962 Hunnis
1938 2905 2253 2963 tribuuntur.

196 3000 252 3054 4.
322 2993 488 3053 Vitae
514 2991 747 3051 Udalrici
775 2995 1006 3067 scriptor
1033 2999 1230 3052 tantam
1248 2993 1615 3066 Hungarorum
1634 2993 2023 3052 multitudinem
2043 2996 2293 3070 erupisse

61 3091 149 3160 ait,
175 3089 431 3160 quantam
469 3086 628 3142 antea
652 3095 813 3142 nemo
838 3084 1091 3157 vidisset,
1114 3091 1433 3156 omnemque
1467 3082 1745 3152 regionem
1786 3098 1818 3140 a
1844 3082 2089 3140 Danubio
2115 3096 2293 3155 usque

66 3177 356 3247 udiiigram
384 3172 599 3244 sylvam
616 3175 934 3244 montesque
962 3185 1296 3244 occupasse3
1335 3171 1671 3230 Ailou-annia
1697 3173 1860 3228 etiam
1886 3185 2061 3244 usque
2088 3172 2156 3229 ad
2183 3171 2291 3229 lla·

31 3280 176 3323 ··ru1n
201 3266 430 3322 vastata.
503 3260 632 3318 Otto
658 3261 1019 3332 Frisingensis
1056 3261 1345 3331 episcopus
1366 3259 1693 3316 locustarum
1730 3261 1961 3317 examini
2001 3261 2291 3332 comparat,

74 3360 260 3412 cuncta
281 3352 616 3425 depascenti.
686 3349 748 3406 ln
776 3353 1002 3420 trajectu
1028 3350 1297 3406 fluminum
1338 3348 1639 3420 rapidorum
1669 3361 1736 3406 ea
1782 3351 1898 3407 arte
1926 3361 2058 3406 usos
2103 3348 2294 3406 scribit

75 3442 328 3513 Georgius
353 3438 645 3511 Fabricius,
678 3443 738 3494 ut
766 3440 1004 3497 densatis
1032 3441 1218 3496 turmis
1245 3437 1576 3495 robustiores
1603 3436 1797 3496 altiore
1828 3437 1954 3494 loco
1991 3438 2176 3511 positi,
2199 3438 2291 3492 in-

78 3533 307 3600 mentis
348 3531 406 3586 in
445 3529 615 3585 latera
666 3542 839 3599 aquae
878 3528 1143 3599 inpetum·
1174 3529 1517 3598 sustinerent,
1562 3525 1788 3600 captivis
1827 3523 2291 3583 etiarn·interdmn

81 3618 328 3691 objectis3
366 3618 443 3673 ita
481 3617 768 3675 inferiores
809 3611 1177 3675 difficultatem
1219 3617 1313 3673 vix
1352 3615 1615 3672 sensisse.
1704 3609 1936 3671 Annibal
1971 3611 2290 3684 elephantos

81 3704 320 3766 Rhodano
348 3708 671 3777 opposuisse
699 3705 885 3763 fener.
944 3705 1076 3764 Cum
1099 3709 1275 3762 autern
1310 3705 1674 3775 intelligerent
1699 3702 1908 3773 hostes,
1925 3702 2289 3770 Augustanam

90 3794 255 3853 urbem
281 3795 492 3870 plenam
519 3808 646 3850 esse
663 3797 1035 3865 congestarum
1061 3794 1225 3865 louge
1249 3794 1467 3865 iateque
1513 3796 1764 3862 tanquam
1790 3792 1848 3848 in
1874 3793 1989 3847 tuto
2011 3803 2186 3860 opum,
2215 3788 2284 3845 ad

88 3893 195 3939 eam
232 3884 630 3956 oppugnandam
672 3888 1069 3940 convertuntur.
1154 3881 1458 3939 incluserat
1497 3896 1624 3939 sese
1666 3892 1786 3936 cum
1838 3878 2020 3935 multis
2058 3873 2290 3948 egregiis

92 3971 325 4029 militibus
350 3969 649 4044 udalricus,
672 3983 783 4030 nou
811 3973 986 4028 miuus
1031 3972 1184 4028 ducis
1219 3985 1376 4043 quam
1411 3970 1711 4027 sacerdotis
1737 3972 1919 4039 partes
1945 3965 2194 4037 impleus,
2235 3965 2292 4021 et

92 4058 252 4132 vitan,
278 4063 323 4117 si
350 4074 485 4132 opus
520 4064 689 4133 esset,
717 4061 878 4117 saluti
905 4062 1100 4118 civium
1137 4063 1506 4132 impensurus:
1535 4060 1658 4129 ipse
1692 4058 1953 4112 stationes
1984 4056 2289 4126 disponere,

97 4147 288 4215 vigilia
308 4150 472 4222 obire,
498 4152 724 4207 nuncin
750 4150 965 4222 templis
1010 4147 1283 4205 imbellem
1320 4143 1529 4204 turbam
1578 4145 1644 4203 ad
1690 4157 1882 4217 preces
1907 4155 2122 4215 vocare,
2149 4155 2291 4199 nunc
2339 4182 2349 4196 .

98 4234 160 4288 ad
183 4249 346 4294 muros
371 4240 429 4296 in
454 4237 666 4296 bostem
706 4246 939 4296 armatos
967 4239 1142 4306 ciere3
1185 4237 1417 4294 divinam
1447 4248 1602 4306 opem
1632 4234 1878 4292 omnibus
1908 4231 2192 4305 spondere,
2234 4233 2292 4287 et

102 4323 336 4382 coelestia
360 4330 596 4399 praemia
612 4328 812 4385 laboris
848 4327 1181 4400 periculique
1205 4338 1530 4398 proponere.
1571 4325 1894 4395 Aderatque,
1922 4321 2099 4395 credo,
2127 4318 2293 4378 frater

105 4406 427 4491 maneas,
452 4420 512 4476 et
535 4415 855 4477 militaribus
883 4416 1077 4478 officiis
1103 4428 1289 4475 senem
1312 4417 1615 4473 animosum
1641 4411 1973 4472 sublevabat.
