2817 4959
565 294 1096 364 annuns
1167 272 1631 365 insnum
2078 304 2200 369 611

32 468 181 524 mim
206 467 317 523 Dei
342 469 568 524 merri
592 468 1358 541 Berenyariusetddewertus
1384 473 1569 529 divina
1587 473 1901 542 providente
1924 475 2206 533 elementia
2233 477 2297 547 Α,
2312 477 2449 550 951,

32 572 131 628 pes.
200 555 289 612 Ibi
328 561 633 628 praecepta
670 572 856 629 regum
884 559 1168 632 Desiderii,
1208 558 1404 632 Caroli,
1460 559 1716 617 Ludovici
1755 567 1918 634 atque
1955 563 2208 638 Lotharii,

45 646 290 715 lingonis
333 659 407 701 ac
441 644 681 702 Lotharii
722 650 1106 705 concessiones
1147 648 1536 706 confirmantur.
1606 650 1829 722 Siquam
1869 652 2210 710 dominorum

32 736 292 806 «πημανεῖ
317 737 376 789 et
401 734 683 790 Adelberti
707 749 909 807 repam.
964 737 1237 792 Hubertus
1266 740 1627 794 cancellarius
1651 741 1727 794 ad
1750 745 1915 795 vicem
1939 739 2209 813 aniaqi

32 825 199 893 iscopi
224 826 281 877 et
308 823 800 879 archicancellarii
821 840 1039 896 recoyn.
1108 827 1258 881 Data
1284 828 1336 880 6.
1362 826 1483 881 Kal.
1514 826 1692 882 Octob.
1723 842 1775 882 a.
1795 829 1935 882 dom.
1952 831 2060 886 inc.
2084 832 2209 902 951,

32 913 116 980 qni
138 926 279 967 vero
306 911 647 982 Berenqarii
672 918 723 967 et
745 913 1017 969 Adelberti
1033 915 1399 983 piissimorum
1427 928 1615 985 repam
1637 917 1832 986 primo,
1860 918 1969 972 itud.
1991 917 2078 973 10.

98 999 190 1055 42.
267 998 403 1055 Otto
425 1013 614 1055 secum
632 998 837 1057 habens
854 1002 1180 1059 Fridericum
1203 1003 1683 1075 archiepiscopum,
1703 1003 2003 1060 conradum
2021 1005 2209 1062 ducem

34 1101 210 1158 osque
239 1089 549 1160 principes,
577 1090 843 1161 superatis
870 1089 1095 1161 Alpibus
1125 1106 1242 1146 cum
1275 1093 1448 1161 copiis
1465 1092 1731 1149 Veronam
1756 1093 1921 1148 venit.
1974 1092 2210 1150 Roswita

32 1179 124 1231 [am
152 1175 461 1233 Heni-icum
502 1178 646 1245 regis
682 1177 900 1235 fratrem
929 1179 1093 1235 addit.
1164 1181 1448 1237 Browerus
1490 1195 1560 1237 ex
1599 1180 1919 1237 documento
1965 1180 2064 1250 [de
2102 1196 2208 1252 quo

32 1265 117 1333 ix)
157 1265 522 1336 Ruotpertum
565 1265 956 1338 Trevirensem‚
997 1267 1392 1326 adelberonem
1434 1267 1732 1325 metensem
1769 1273 1825 1325 et
1860 1269 2210 1326 Gonzelinum

32 1352 272 1409 diensem
296 1345 631 1424 'praesules
702 1353 1005 1412 conradum
1042 1370 1256 1427 quoque
1291 1371 1473 1426 regem
1511 1356 1822 1413 Adelheidis
1861 1356 2080 1414 fratrem
2118 1356 2207 1413 af-

32 1442 133 1498 isse
158 1445 367 1511 putem.
448 1443 696 1499 Veronae
720 1459 820 1499 rex
845 1444 1058 1514 (Leone
1095 1444 1333 1502 Ostiensi
1375 1448 1590 1516 autore)
1632 1447 1870 1502 nuntium
1913 1445 1980 1500 ab
2015 1444 2210 1501 attone

34 1533 187 1602 cepit,
231 1545 479 1601 eumque
515 1546 636 1587 cum
666 1533 898 1604 epistola
936 1535 1157 1606 remisit,
1203 1551 1310 1606 qua
1349 1533 1701 1604 significabat,
1748 1534 1942 1590 adesse
1982 1546 2045 1589 se
2084 1547 2209 1590 cum

34 1622 345 1676 santissimo
391 1622 661 1692 exercitu,
701 1620 866 1678 filium
901 1625 1014 1691 jam
1052 1623 1410 1681 Mediolanum
1456 1624 1816 1695 praemisisse,
1862 1637 1987 1678 mox
2031 1623 2208 1691 ipsum

32 1706 141 1764 bre.
196 1708 439 1765 Nuntius
463 1723 586 1764 cum
605 1708 672 1764 ad
691 1708 950 1766 obsessos
978 1716 1265 1780 penetrare
1290 1727 1399 1769 non
1427 1716 1632 1784 posset,
1659 1711 1847 1767 literas
1868 1713 1922 1767 et
1940 1708 2208 1780 annulum,

32 1811 121 1853 tem
156 1796 224 1853 ab
257 1797 468 1854 Ottone
515 1802 817 1869 acceperat,
860 1812 980 1854 cum
1016 1802 1215 1869 sagitta
1250 1803 1307 1856 in
1348 1814 1528 1857 arcem
1567 1801 1730 1856 misit.
1799 1799 1883 1855 Ita
1923 1797 2210 1854 confortati

34 1886 320 1956 aesidiarii,
365 1887 479 1942 etsi
523 1888 802 1955 premente
840 1886 1000 1960 fame,
1041 1889 1318 1947 duravere.
1389 1889 1460 1944 Et
1498 1902 1594 1944 rex
1631 1900 1665 1943 e
1696 1883 1934 1956 vestigio
1969 1890 2207 1958 secutuS,

32 1977 340 2044 uengarium
384 1973 735 2030 obsidionem
775 1976 990 2032 solvere
1026 1980 1218 2047 coegit,
1258 1980 1421 2047 atque
1448 1976 1576 2033 inde
1602 1974 1816 2047 Papiam
1842 1974 1995 2045 regni
2021 1974 2210 2032 sedem

32 2062 236 2119 ditione
266 2063 434 2134 cepit.
515 2062 869 2129 Berengarius
897 2078 961 2119 se
988 2079 1176 2133 campo
1207 2066 1429 2121 credere
1464 2063 1624 2122 a'usus
1650 2077 1759 2121 non
1788 2069 1890 2121 est.

101 2152 187 2207 43.
256 2149 445 2207 Ottoni
466 2149 666 2218 Papiae
684 2153 917 2205 versanti
940 2165 1192 2221 proceres
1214 2152 1455 2205 certatim
1473 2164 1537 2205 se
1556 2151 1879 2219 submisere;
1908 2153 2206 2222 sumsitque

32 2253 74 2293 m
97 2245 202 2295 tum
228 2253 436 2295 nomen
454 2238 603 2304 regis
620 2236 938 2293 Francorum
962 2242 1017 2293 et
1036 2236 1519 2310 Longobardorum,
1546 2239 1723 2308 Magni
1744 2240 1925 2296 Caroli
1942 2240 2207 2313 exemplo,

32 2325 112 2383 nlla
135 2343 280 2384 nova
303 2327 659 2383 coronatione
679 2324 968 2382 celebrata.
1014 2326 1128 2381 Hoc
1148 2330 1375 2382 testatur
1395 2327 1643 2398 diploma,
1670 2327 1898 2383 relatum
1916 2341 1949 2382 a
1963 2327 2210 2386 ‚Iohanne

32 2420 123 2471 itro
162 2416 436 2473 Puricello
482 2416 542 2476 in
582 2428 751 2484 opere
793 2419 1253 2471 monumentorum
1299 2413 1560 2471 basilicae
1579 2413 2004 2486 ‘’Ambrosianae,
2049 2430 2210 2485 quam

32 2504 127 2560 »die
153 2504 562 2562 cistercienses
588 2501 811 2559 babent:
881 2503 954 2557 In
985 2518 1040 2557 n.
1061 2519 1105 2558 s.
1134 2508 1186 2558 et
1208 2505 1247 2558 i.
1278 2503 1366 2560 Tr.
1409 2502 1528 2558 Otto
1555 2504 1658 2557 Dei
1678 2507 1863 2574 qratia
1887 2518 1994 2560 rex
2018 2503 2208 2561 Fran-

32 2608 157 2649 vrum
195 2597 250 2648 et
288 2590 787 2661 Lonqobardoram
812 2628 1020 2644 .....
1076 2590 1304 2644 Noverit
1343 2592 1580 2645 omnium
1612 2587 1852 2656 fideliam
1890 2596 2208 2649 nostrorum

32 2683 239 2738 dustria
250 2719 414 2738 .....
455 2677 681 2732 dilectus
696 2674 882 2746 frater
906 2679 1091 2731 noster
1116 2676 1308 2731 Bruno
1332 2678 1594 2747 suyqessit
1630 2677 1898 2733 humiliter
1931 2681 2209 2745 majestati

32 2774 196 2827 »strae
225 2785 336 2840 pro
377 2767 616 2840 quodam
654 2764 915 2835 Aripaldo
953 2765 1251 2819 venerabili
1287 2765 1483 2819 abbate
1519 2766 1839 2819 monasterii
1876 2766 2208 2836 confessoris

32 2857 166 2914 tristi
188 2858 485 2925 Ambrosii,
504 2856 802 2926 postulans,
832 2856 897 2908 ut
922 2866 1044 2907 eum
1064 2868 1169 2924 pro
1194 2856 1422 2908 nostrae
1446 2853 1706 2908 mercedis
1729 2856 2057 2910 incremento
2083 2870 2209 2912 cnm

32 2949 252 3021 wiseraa,
278 2946 516 3020 quicum
531 2958 596 2999 eo
617 2944 827 3015 aequat,
847 2941 1074 3011 famulis
1103 2941 1298 2997 Christi
1322 2946 1619 3013 cunctaque
1641 2943 1942 2998 venerandi
1966 2945 2209 3001 coenobii

32 3035 273 3092 &dantia
312 3035 414 3092 aab
454 3034 639 3102 nostri
659 3030 1032 3086 mundiburdii
1060 3033 1338 3086 tuitionem
1368 3033 1643 3100 suscipere
1677 3032 2028 3101 diynaremur
2038 3072 2195 3088 .....

32 3126 190 3192 mm
232 3125 442 3181 domini
487 3120 698 3176 ottonis
733 3121 1064 3175 serenissimi
1105 3122 1265 3191 reqis.
1342 3118 1502 3175 Brrm
1544 3121 1910 3175 cancellarius
1937 3121 2016 3176 ad
2038 3123 2204 3177 vicem

32 3209 248 3269 (massis
275 3210 705 3279 archicapellani
727 3210 1030 3279 recoqnovi.
1102 3208 1250 3264 Data
1275 3209 1327 3263 6.
1346 3208 1482 3263 Idus
1513 3207 1729 3263 Octobr.
1757 3223 1906 3264 anno
1932 3211 2204 3265 incarna-

32 3304 137 3355 onis
177 3302 403 3358 Domini
441 3301 619 3354 nostri
672 3298 803 3354 Jesu
852 3293 1052 3352 Christi
1092 3299 1491 3367 nonqeutesimo
1534 3298 1967 3370 qumquayesimo
2005 3300 2204 3369 primo,

32 3387 261 3445 *dictione
289 3391 378 3462 10,
405 3402 557 3443 anuo
583 3388 738 3457 requi
769 3385 972 3440 ottonis
997 3388 1143 3456 repis
1168 3388 1226 3440 in
1248 3386 1496 3442 Francia
1522 3387 1724 3442 deciam
1748 3390 1921 3457 sexto,
1948 3387 2008 3441 in
2033 3386 2204 3443 Italia

32 3477 163 3532 rino.
232 3478 428 3534 Actum
467 3475 668 3547 Papiae
704 3477 762 3529 in
796 3475 902 3529 Dei
930 3477 1146 3529 nomine
1177 3474 1427 3545 feliciter.
1466 3475 1648 3531 Amen.
1717 3473 1904 3546 Itaque
1931 3473 2065 3531 duos
2087 3476 2204 3544 jam

32 3572 133 3628 iges
158 3564 359 3623 habere
389 3566 571 3634 coepit
607 3563 779 3634 ltalia,
819 3574 1122 3633 supremum
1152 3561 1399 3620 Ottonem
1429 3568 1484 3620 et
1511 3565 1887 3633 Berengarium
1916 3562 2199 3619 clientela-

32 3659 107 3722 m,
132 3657 222 3724 qui
249 3657 415 3711 etiam
443 3666 585 3709 anno
613 3656 876 3724 sequente
902 3653 1092 3723 majori
1117 3664 1217 3722 per
1240 3650 1529 3709 hominium
1558 3650 1737 3710 fasces
1766 3652 2040 3720 Augustae
2069 3651 2199 3709 Vin-

32 3735 268 3798 elicorum
296 3744 577 3802 summisit-

118 3829 201 3884 44.
269 3830 428 3887 Nunc
461 3831 701 3899 reginam
727 3830 937 3886 accersi
962 3828 1181 3900 placuit.
1237 3829 1475 3886 Roswita
1495 3828 1678 3900 refert,
1704 3829 1989 3884 Henricum
2008 3828 2198 3887 ducem

32 3907 190 3973 bviam
218 3921 475 3991 missum,
518 3920 824 3976 venientem
863 3918 932 3973 ad
968 3931 1151 3988 regem
1190 3918 1495 3988 adduxisse,
1542 3919 1629 3999 cui
1668 3921 1777 3972 tum
1816 3918 2039 3987 primum
2078 3921 2200 3975 visa

32 3996 197 4060 lacuit.
265 4007 543 4064 Tentatam
573 4021 702 4063 auro
730 4004 917 4061 scribit
943 4005 1277 4078 witikindus,
1306 4020 1375 4062 an
1402 4005 1545 4076 quod
1573 4003 1700 4060 Otto
1729 4006 1943 4062 sinistra
1970 4008 2198 4078 quadam

32 4098 123 4145 ma
149 4096 320 4150 tactus
348 4095 584 4152 luisset?
654 4094 762 4152 Sed
788 4094 885 4151 illa
920 4096 1038 4152 sive
1063 4097 1245 4152 inuata
1278 4095 1538 4166 pudicitia
1563 4095 1682 4151 sive
1708 4094 1985 4167 prudentia
2012 4097 2196 4165 suspi-

32 4171 169 4234 ioues
202 4185 409 4241 revicit.
473 4185 556 4240 lta
596 4184 808 4241 tandem
846 4187 1066 4256 nuptiae
1103 4187 1299 4242 coiere.
1383 4182 1605 4240 mabilio
1645 4186 1949 4256 memoriae,
1989 4183 2196 4255 opinor,

32 4273 139 4331 ¹PS¹1
174 4269 523 4330 Adelheidem
561 4275 619 4330 in
658 4271 927 4331 Canusina
965 4287 1090 4333 arce
1125 4288 1157 4328 a
1203 4273 1526 4343 Berengario
1569 4273 1855 4345 detentam,
1893 4283 2067 4341 eaque
2094 4283 2199 4327 ex-

34 4357 228 4428 flmta,
254 4358 320 4413 ab
351 4359 548 4418 ottone
582 4362 861 4420 liberatam
897 4364 1131 4435 scripsit.
1201 4362 1315 4421 Rex
1341 4362 1649 4420 ordinandis
1673 4362 1836 4419 rebus
1862 4374 2063 4417 moram
2088 4359 2196 4415 sibi

32 4436 287 4502 iubendam
314 4449 551 4507 initalia
574 4451 781 4523 videns,
808 4450 1090 4508 Ludolfum
1113 4452 1171 4509 in
1198 4450 1532 4510 Germaniam
1557 4453 1780 4510 remisit.
1837 4448 1918 4508 Ita
1938 4450 2194 4506 Roswita.

1636 4559 1773 4626 39²³
