2817 4959
484 275 613 345 836
1063 268 1598 341 ANNALES
1662 267 2122 336 iuranti

235 446 302 515 Α.
320 449 461 522 ”5-
483 450 627 508 enin
650 446 761 504 loci
788 459 914 504 esse
942 444 1397 515 cometamur,
1425 442 1721 514 privilegiis
1750 444 1912 498 etiam
1930 442 2322 518 imperatorum
2341 444 2405 496 et
2443 465 2449 485 ε
2488 463 2493 470 ·

480 536 754 608 matam,
777 538 837 592 ut
854 533 1151 590 decedente
1171 530 1596 603 metropolitano,
1626 544 1694 587 ex
1721 532 1939 599 majoris
1968 528 2244 586 ecclesiae
2267 479 2710 600 praecipuis&

481 623 765 694 dlnallbus,
813 635 950 694 quos
989 624 1184 678 vocant
1227 619 1542 686 ordinarios,
1588 630 1877 674 successor
1919 622 2238 674 sumeretur.
2350 617 2602 672 Interea
2642 651 2645 654 -

478 725 615 785 puer
640 710 993 781 adolesceret,
1022 709 1351 780 decrepitum
1377 720 1564 764 senem
1592 705 1918 777 subrogavit,
1958 706 2050 776 qai
2078 720 2202 761 curn
2230 705 2534 775 opinione
2658 728 2673 740 =

480 800 705 871 viveret,
744 813 867 856 nam
902 811 1001 869 per
1027 810 1195 854 annos
1222 796 1292 851 22
1327 795 1484 864 sedit,
1528 798 1746 866 curavit,
1783 802 1843 850 ut
1867 793 2062 865 Papiae
2090 796 2147 849 in
2175 794 2438 862 generali
2538 815 2568 836 υ

481 888 810 947 excitaretur
846 885 1118 956 tumultus,
1155 887 1211 940 in
1248 898 1354 956 quo
1392 882 1607 954 praesul
1644 882 2004 947 occideretur3
2044 881 2124 936 ibi
2149 884 2472 951 nonaginta
2570 909 2595 928 ·-
2664 921 2667 924 -

484 989 555 1033 ex
591 974 1083 1033 Mediolanensibus
1121 974 1270 1029 caesi
1311 975 1450 1043 sunt,
1496 970 1594 1027 sed
1635 970 1852 1041 praesul
1896 974 2087 1028 erasit.
2179 969 2367 1041 Hugo,
2432 995 2459 1016 >-
2534 995 2545 1017 ι
2654 992 2669 1012 ·-

481 1063 685 1135 fraude,
712 1063 913 1136 pudore
942 1062 1129 1118 ductus
1148 1060 1503 1117 Nonantolam
1521 1062 1859 1129 anonaginta
1880 1057 2131 1129 curtibus,
2160 1063 2222 1116 ut
2244 1059 2534 1129 creditur,
2585 1089 2589 1100 ·
2658 1085 2683 1102 .-

480 1152 740 1211 Arderico
767 1150 929 1222 dedit,
969 1149 1067 1208 sed
1093 1164 1204 1207 non
1230 1149 1355 1206 ideo
1382 1149 1610 1205 amicum
1636 1147 1838 1205 habuit.
1909 1147 2192 1205 Nanassos
2222 1161 2462 1218 quoque
2497 1161 2622 1219 spe

485 1240 687 1298 dielani
714 1253 809 1312 per
835 1238 1199 1296 Theobaldum
1227 1235 1499 1308 exclusus,
1538 1235 1749 1293 occulte
1778 1236 1980 1309 oderat,
2020 1249 2335 1307 quanquam
2368 1241 2684 1305 cog-at·-

484 1331 543 1386 iu
570 1342 634 1385 se
658 1332 762 1384 tam
789 1327 993 1397 largum
1021 1341 1217 1396 regem.
1289 1328 1425 1382 Hinc
1452 1324 1798 1393 intelligimus
1823 1325 1894 1380 ob
1923 1328 2219 1380 extremum
2240 1323 2514 1379 Ardet-ici
2564 1350 2613 1368 κ
2658 1349 2707 1372 ι;

484 1430 637 1490 spem
678 1432 712 1473 a
748 1417 1069 1486 Berengario
1110 1413 1346 1472 Manassi
1386 1412 1505 1471 lieri
1546 1415 1805 1484 potuisse,
1845 1412 2002 1469 simul
2043 1418 2100 1469 et
2127 1411 2460 1469 Nonantula
2487 1413 2616 1469 Διά
2694 1433 2711 1462 2·

482 1505 695 1564 subdita
713 1509 963 1561 vacatura
980 1507 1112 1576 erat,
1141 1508 1198 1559 ut
1217 1501 1433 1559 widoni
1458 1502 1572 1558 dari
1601 1507 1806 1573 posset.
1878 1500 2232 1571 Litigantibus
2255 1502 2479 1558 deinde
2511 1535 2515 1544 -
2554 1543 2577 1550 ..
2636 1529 2643 1536 -
2684 1524 2695 1526 -

482 1598 542 1651 et
564 1592 851 1650 Adelmaro
889 1592 1013 1665 (vel
1050 1591 1380 1661 Adelmano)
1421 1591 1725 1662 walpertus
1765 1590 1978 1648 tandem
2017 1590 2208 1647 sedem
2249 1590 2525 1663 obtinuit,
2579 1616 2623 1636 -·
2658 1616 2709 1633 »-

482 1680 708 1739 Aruulso
734 1679 1023 1738 referente.

626 1771 711 1825 15.
782 1768 894 1826 Sed
918 1773 976 1825 ut
1002 1768 1069 1825 ad
1098 1768 1404 1842 Luitprandi
1435 1770 1791 1826 narrationem
1819 1768 2050 1839 redeam,
2079 1767 2404 1839 Manassen,
2435 1767 2630 1839 credo,
2657 1773 2748 1821 tan

485 1871 653 1935 prope
677 1857 1052 1914 Formicariam
1094 1873 1203 1915 nou
1245 1862 1373 1931 erat,
1415 1862 1474 1914 ut
1499 1859 1677 1914 statim
1705 1856 1772 1913 ab
1802 1856 2067 1913 Adalardo
2098 1856 2341 1927 consuli,
2389 1862 2458 1912 et
2486 1871 2524 1912 a
2547 1857 2744 1912 Barn-

484 1948 634 2016 gario
663 1950 789 2002 tunc
815 1949 1038 2019 primuni
1064 1948 1295 2004 inescari
1325 1951 1526 2018 posset,
1555 1950 1612 2001 ut
1639 1946 1752 2002 vult
1773 1944 2141 2016 Luitprandus.
2208 1944 2378 2000 llaec
2399 1949 2577 2000 antea
2595 1958 2744 2015 prae-

484 2038 684 2108 parata,
713 2034 1033 2092 credendam
1064 2039 1164 2091 est.
1216 2034 1406 2090 subdit
1425 2033 1791 2104 Luitprandus‚
1820 2033 2089 2089 Cumanae
2117 2031 2418 2089 ecclesiae
2450 2032 2742 2090 iio-Adai·

484 2121 669 2179 ardum
711 2138 744 2180 a
785 2123 1122 2195 Berengario,
1162 2126 1219 2178 ut
1254 2125 1543 2193 juraverat,
1581 2122 1679 2179 sed
1713 2121 2026 2178 waldonem
2058 2119 2437 2201 praefectum,
2483 2122 2744 2177 homi-n

484 2211 795 2282 pessimum,
836 2211 1258 2267 Mediolanensis
1301 2211 1585 2281 praesulis,
1627 2210 1893 2265 Manassis
1936 2208 2161 2279 scilicet,
2193 2213 2385 2275 gratia
2426 2211 2740 2275 subnixam

482 2296 752 2354 Adelardo
794 2302 972 2354 tamen
999 2299 1317 2366 Regiensem
1354 2299 1645 2354 ecclesiam
1674 2298 1866 2352 datam.
1938 2296 2202 2353 Bosonem
2233 2297 2508 2366 lingonis
2537 2297 2746 2356 noum

483 2388 542 2441 et
578 2383 1107 2441 archicancellarium
1135 2385 1485 2454 Berengarius
1524 2388 1579 2440 in
1606 2385 1917 2442 Placentina
1945 2384 2075 2441 sede
2102 2384 2354 2455 reliquit,
2399 2385 2744 2444 Luitrreh

482 2474 539 2531 ia
564 2471 829 2544 Paplensi,
856 2475 914 2527 et
940 2472 1082 2542 quod
1110 2475 1371 2543 pecuniae
1399 2471 1675 2545 tribuerat,
1701 2474 1875 2530 videri
1903 2472 2072 2529 voluit
2097 2473 2290 2542 pietati
2323 2474 2598 2533 dedisse.

625 2558 709 2616 16.
783 2558 914 2615 Cum
955 2575 1084 2629 ergo
1124 2574 1377 2633 proceres
1418 2560 1539 2617 Itali
1578 2559 1892 2631 frequentes
1925 2561 2281 2617 Mediolanum
2325 2566 2736 2620 convenissent

488 2661 714 2705 suasere
735 2650 944 2718 Hugoni
962 2652 1134 2721 amici,
1162 2653 1220 2705 ut
1238 2648 1541 2706 Lotharium
1561 2650 1627 2706 ad
1648 2663 1743 2706 eos
1764 2653 2024 2719 mitteret3
2052 2648 2191 2705 hunc
2217 2651 2514 2709 insontem
2543 2652 2744 2721 baberi,

483 2736 627 2794 hunc
666 2737 805 2810 apud
847 2752 1033 2794 omnes
1077 2740 1366 2807 gratiosum
1408 2752 1550 2809 esse,
1592 2738 1718 2795 huic
1745 2742 1917 2810 ipsum
1947 2737 2159 2794 deferre
2184 2738 2614 2811 Berengarium,
2657 2754 2746 2810 pu

484 2824 626 2884 bunc
649 2829 872 2884 retineri
900 2832 1219 2899 potestatem
1248 2842 1430 2898 posse.
1504 2827 1679 2883 Paruit
1707 2829 1874 2897 lingo,
1911 2840 2015 2883 nec
2040 2825 2224 2882 abnuit
2253 2826 2660 2899 Berengarius,
2693 2834 2744 2882 et

485 2911 720 2972 fortasse
746 2918 867 2986 ipse
896 2931 993 2987 per
1020 2930 1148 2972 suos
1176 2919 1538 2985 suggesserat,
1581 2930 1687 2987 quo
1715 2915 1960 2971 callidius
1990 2914 2285 2985 deciperet,
2328 2915 2742 2987 Bagoae-w

482 3004 660 3074 ipsum
679 3004 1011 3073 pertraheret
1028 3005 1081 3059 in
1098 3017 1330 3073 nassam‚
1352 3008 1501 3072 cujus
1522 3003 1785 3059 thesauris
1807 3001 2058 3073 inhiabat.
2096 3002 2211 3059 Nec
2232 3006 2444 3059 matura
2466 3005 2738 3073 regnandi

483 3090 710 3147 consilia
732 3091 1062 3162 videbantur,
1088 3094 1146 3147 et
1173 3091 1437 3146 modestia
1464 3092 1805 3147 ambitionem
1833 3089 2067 3161 velabat,
2094 3092 2249 3162 quasi
2277 3105 2392 3147 non
2418 3105 2584 3149 suam
2615 3110 2740 3149 na-

487 3177 836 3249 gnitudinem,
874 3177 969 3234 sed
994 3178 1261 3248 publicam
1289 3179 1515 3236 salutem
1546 3180 1866 3250 quaesisset.
1938 3180 2161 3248 lingone
2190 3180 2353 3248 igitur
2381 3181 2532 3238 inter
2551 3181 2738 3252 fugam

484 3269 543 3322 et
566 3279 767 3321 moram
806 3265 1071 3337 ambiguo,
1113 3266 1391 3324 Lotbarius
1429 3267 1717 3324 Mediolani
1757 3269 2029 3338 recipitur,
2071 3270 2125 3323 et
2167 3270 2405 3323 omnium
2447 3283 2734 3326 consensa

482 3365 582 3410 rex
618 3351 860 3409 habetur.
933 3354 1024 3410 Ait
1063 3353 1431 3427 Luitprandus,
1466 3359 1720 3425 juvenem
1761 3360 1817 3412 in
1855 3355 2095 3413 ecclesia
2133 3355 2187 3412 S.
2217 3356 2568 3414 contessoris
2595 3360 2736 3415 Δι-

482 3439 651 3497 brosii
669 3446 726 3497 et
741 3445 1024 3513 martyrum
1046 3443 1139 3499 SS.
1158 3442 1399 3500 Gervasii
1430 3451 1485 3501 et
1510 3445 1734 3500 Protasii
1762 3448 1886 3500 ante
1914 3457 2129 3500 crucem
2158 3448 2504 3517 prostratum,
2535 3462 2570 3502 a
2599 3462 2732 3519 pre-

484 3530 697 3587 ceribus
736 3534 989 3601 erectum,
1040 3538 1096 3588 et
1124 3544 1384 3601 praeesse
1415 3536 1643 3603 jussum,
1685 3533 1922 3601 lingonis
1965 3535 2126 3589 etiam
2153 3546 2430 3589 consensu
2457 3538 2726 3606 expetite.

481 3620 660 3690 Atque
688 3617 793 3675 hoc
819 3622 919 3691 est,
961 3620 1101 3691 quod
1129 3619 1463 3677 Frodoardus
1505 3620 1573 3676 ad
1601 3620 1741 3676 hunc
1767 3637 1959 3678 annum
1988 3623 2079 3694 ait,
2121 3621 2401 3691 lingonen
2444 3624 2666 3695 pulsu-
2689 3638 2722 3679 a

483 3709 614 3779 suis,
642 3712 697 3763 et
724 3707 885 3764 filium
916 3709 1035 3775 ejus
1064 3707 1364 3765 Letharium
1390 3711 1448 3765 in
1475 3720 1693 3777 regnum
1722 3714 2012 3780 receptum.
2086 3709 2196 3765 Sed
2215 3723 2337 3766 eum
2356 3711 2720 3783 Berengarius

482 3797 670 3866 specie
699 3798 873 3868 amici,
901 3796 1128 3852 salutem
1158 3798 1315 3853 etiam
1345 3796 1472 3853 olim
1505 3796 1776 3867 debentis,
1803 3811 1864 3853 re
1890 3812 2019 3856 vera
2047 3803 2104 3853 ut
2133 3801 2277 3854 tutor
2303 3799 2554 3869 regebat.

625 3883 707 3937 17.
782 3884 930 3941 Haec
957 3891 1166 3942 aestate
1194 3885 1500 3941 declinante
1526 3890 1646 3942 acta
1673 3886 1934 3959 videntur,
1970 3892 2029 3943 ut
2057 3887 2294 3943 ostendit
2323 3890 2499 3944 series
2529 3903 2722 3946 narra·

480 3972 682 4026 tionum
710 3969 1029 4039 Frodoardi;
1067 3978 1158 4044 qui
1186 3973 1426 4043 Hugonis
1455 3988 1733 4030 secessum
1764 3989 1885 4030 mox
1912 3980 2036 4046 post
2063 3974 2318 4030 Ludov-ici
2346 3979 2722 4048 captivitate-

479 4058 885 4115 Normannicam
928 4061 1174 4118 collocat.
1260 4061 1368 4118 Sed
1406 4076 1519 4118 rem
1563 4062 1855 4119 conficiunt
1894 4062 2109 4120 tabulae
2153 4064 2291 4135 apud
2333 4063 2624 4134 ughellum
2663 4070 2720 4122 ia

481 4146 753 4217 episcopis
782 4144 1222 4207 vercellensibus
1264 4155 1527 4221 extantes,
1567 4151 1616 4207 si
1654 4151 1834 4206 nullus
1876 4156 1960 4207 est
1999 4154 2055 4206 in
2092 4153 2350 4224 temporis
2377 4155 2527 4209 notis
2551 4168 2720 4210 err-r

482 4234 581 4290 Ubi
620 4232 778 4305 unqu
816 4239 871 4291 et
893 4235 1186 4293 Lotum-ius
1225 4240 1411 4295 divina
1439 4240 1717 4296 clementia
1743 4254 1897 4311 reyes
1922 4244 2109 4296 notum
2129 4240 2362 4313 sumat,
2401 4243 2718 4297 montisse‘

479 4324 731 4379 &actum
767 4323 1127 4397 illustremque
1163 4318 1530 4384 marchionem
1564 4369 1756 4384 ......
1793 4327 1969 4401 (forte
2004 4328 2328 4398 arduinum)
2353 4332 2419 4386 ιιι
2433 4329 2512 4368 *0
2538 4345 2714 4387 cano-

582 4430 638 4481 )
665 4432 819 4475 notum
845 4429 1035 4487 radunt,
1063 4432 1294 4478 monuuse
1321 4433 1575 4479 neuram
1600 4435 1800 4480 tumui.
1904 4433 1986 4489 θ’)
2012 4438 2064 4479 ιιι
2086 4434 2344 4481 Em
2367 4436 2614 4492 apptati.
