2817 4959
624 289 1157 444 annuns
1224 312 1682 399 mpsim
2149 331 2279 399 59⁷

34 516 191 567 uae
220 508 352 564 tunc
376 500 500 578 post
540 475 783 562 ducalem
822 506 1051 562 maxima
1091 509 1221 576 erat,
1265 505 1520 561 discimus
1554 519 1624 562 ex
1660 504 1840 560 charta
1880 502 1978 559 iiiii
2008 502 2280 576 Teudaidi,
2310 503 2374 572 Δ
2394 503 2529 575 951,

29 603 170 653 ata
220 587 458 651 Hem-ico
503 594 608 648 Dei
645 596 831 665 qratia
864 606 994 664 rege
1032 608 1182 672 auno
1208 596 1368 665 requi
1404 596 1527 660 ejus
1573 594 1689 649 Deo
1730 595 1963 662 propicio
2005 595 2065 648 ι·ιι
2107 591 2281 649 Italia

27 687 269 754 atarto,
297 696 474 738 meme
496 683 651 737 Ιιιιιίι·
673 683 858 737 indict.
885 685 936 736 5.
964 682 1052 751 (id
1079 685 1164 736 est
1191 696 1238 737 a.
1265 682 1327 737 D.
1358 681 1548 749 1007.)
1575 680 1698 737 ubi:
1725 680 1843 750 qu
1868 680 2048 737 ἱιιΒοι·
2065 667 2281 737 nemim

27 772 361 829 ’ωιόαιάιω
402 770 661 834 marchio,
685 770 832 840 lilius
855 770 1138 826 Adalberti
1168 772 1295 828 itan
1332 770 1679 837 marchionis,
1719 771 1812 840 qui
1842 768 2124 840 professus
2161 758 2283 825 σιὶιιι

27 876 87 916 a:
125 863 374 916 mione
405 872 527 913 mea
554 858 667 929 lcqe
686 862 867 914 vivere
891 858 1381 928 Langobardorum
1409 899 1423 915 .
1443 899 1456 913 .
1477 899 1491 914 .
1506 873 1609 929 pro
1637 862 1823 914 αιιὶιιια
1863 871 1983 912 mea
2024 860 2076 911 et
2101 872 2279 929 quon-

27 952 171 1005 iam
216 946 402 1002 Willae
428 947 675 1018 conju-qis
700 960 865 1015 meae,
900 948 1135 1019 meisque
1153 945 1282 1015 filiis
1312 985 1328 1003 .
1348 986 1399 1020 ..
1428 947 1554 1002 volo
1580 985 1628 1002 ..
1648 987 1664 1002 .
1702 948 1766 1001 ut
1804 945 1999 1000 habeat
2036 945 2280 1018 basilica,

29 1051 215 1094 ιιαιιι
257 1050 357 1106 eqo
395 1032 684 1103 aedificavi
719 1037 780 1090 ιἰι
813 1036 947 1090 loco*
971 1037 1328 1112 proprietatis
1370 1048 1524 1090 meae
1572 1036 1633 1090 in
1651 1026 1852 1089 'insula
1890 1033 1948 1088 S.
1990 1018 2280 1103 Benedicti,

27 1139 213 1183 uam
238 1125 383 1194 volo,
408 1126 469 1178 ut
491 1125 563 1176 sit
592 1125 978 1182 monasterium
1006 1124 1082 1178 ad
1098 1128 1413 1194 pei-petitum
1441 1161 1599 1179 .....
1628 1122 1960 1178 medietatem
1993 1121 2061 1175 de
2099 1122 2281 1176 insula

29 1221 137 1271 tc
228 1212 349 1268 Hoc
376 1210 561 1266 itidem
589 1185 928 1267 Contelorius
956 1213 1179 1282 notavit,
1230 1216 1285 1269 et
1325 1212 1392 1268 cl.
1433 1210 1732 1268 Bacchinns
1757 1212 1813 1266 in
1841 1208 2063 1267 historia
2089 1222 2281 1266 mona·

29 1302 201 1361 terii
229 1298 666 1356 Padolironensis
695 1299 816 1353 addi
844 1302 1043 1368 potest.
1174 1298 1179 1308 '

192 1390 284 1445 13.
354 1388 603 1457 Suspicio
618 1385 925 1443 Contelorio
940 1389 1067 1443 nata
1083 1390 1182 1450 est,
1197 1365 1534 1458 sigefridum,
1555 1400 1714 1458 quem
1728 1384 2031 1442 Ludovicus
2047 1385 2280 1442 Bosoni-

29 1482 129 1537 [es
170 1477 371 1534 Italiae
399 1488 495 1532 rex
522 1476 851 1532 carissimum
870 1478 1097 1531 amicum
1117 1481 1272 1532 vocat
1292 1478 1348 1534 in
1364 1474 1799 1548 diplomateaD.
1814 1474 1934 1531 900.
1951 1472 2281 1564 dato,fuisse

27 1571 258 1624 »utrem
285 1565 489 1621 Attonis
516 1565 703 1621 nostri.
776 1562 1022 1635 Diploma
1065 1565 1244 1621 datum
1285 1564 1441 1623 Petro
1481 1567 1742 1637 episcopo
1784 1557 2022 1621 Aretino
2039 1577 2073 1620 a
2113 1561 2280 1620 Gam-

27 1656 288 1712 nurrino
328 1652 639 1723 productum
682 1656 738 1708 et
779 1668 812 1709 a
858 1651 1054 1709 Cosmo
1092 1652 1268 1710 Arena
1307 1657 1639 1723 recognitum
1680 1658 1783 1710 est.
1859 1650 1926 1708 Et
1968 1655 2131 1723 certe,
2172 1652 2280 1707 etsi

27 1745 266 1800 >onim
299 1753 495 1797 nomen
519 1754 629 1796 nou
656 1743 907 1810 gesserit,
929 1747 1181 1810 quantum
1209 1755 1278 1798 ex
1305 1745 1385 1798 tot
1414 1742 1608 1800 tabuiis
1636 1746 1874 1813 apparet,
1921 1740 2117 1810 quibus
2142 1740 2280 1795 sim-

27 1833 269 1889 ›liciter
293 1829 591 1898 sigefridus
618 1829 689 1885 de
715 1831 967 1885 comitatu
1003 1829 1231 1887 Luceusi
1258 1835 1501 1903 vocatur,
1537 1845 1648 1889 uon
1673 1831 1800 1887 ideo
1827 1830 2001 1885 miuus
2030 1827 2278 1900 appelia-

27 1927 252 1981 ionem
304 1918 561 1988 principis
606 1920 882 1989 meruerit,
936 1932 1030 1988 pro
1077 1918 1289 1975 iliorum
1332 1922 1627 1990 temporum
1673 1918 1834 1989 stylo.
1925 1916 2088 1974 Tales
2133 1917 2279 1972 enim

27 2008 426 2086 maechantur,
456 2007 547 2076 qui
574 2005 807 2062 ditiones
833 2006 1039 2076 amplas
1061 2008 1185 2076 Jure
1208 2006 1397 2063 allodii
1425 2007 1695 2078 tenebant,
1724 2010 1783 2062 et
1804 2007 2119 2076 pierumque
2143 2019 2275 2077 pro-

27 2103 197 2171 ,rios
224 2099 283 2152 in
304 2099 374 2151 iis
401 2094 655 2167 vasallos,
694 2096 910 2163 generis
938 2094 1181 2150 militaris
1208 2097 1370 2166 viros,
1417 2095 1484 2152 ad
1511 2109 1657 2151 arma
1684 2093 1906 2151 ferenda
1932 2097 2149 2163 paratos
2174 2093 2280 2150 lia·

27 2191 268 2247 iebant.
339 2185 407 2241 Et
444 2186 502 2243 in
528 2183 725 2241 tabulis
767 2182 929 2253 paulo
968 2187 1095 2240 ante
1131 2186 1402 2256 excerptis
1430 2190 1790 2242 memorantur
1829 2180 2022 2238 vasalli
2048 2182 2276 2252 Attonis,

27 2288 276 2353 {norum
302 2277 505 2346 partem
533 2275 683 2330 oerte
726 2272 792 2328 ad
820 2274 996 2344 ipsum
1023 2287 1093 2330 ex
1118 2272 1450 2330 haereditate
1490 2275 1713 2342 paterna
1752 2272 1973 2327 venisse
2014 2268 2277 2327 credibile

27 2373 144 2425 ³st.
224 2364 340 2433 Ego
366 2368 560 2434 tamen,
588 2364 637 2417 si
662 2359 1079 2432 suspicionibus·
1098 2361 1450 2432 indulgemus,
1487 2361 1667 2416 malim
1703 2358 2025 2429 sigefridum
2067 2362 2277 2430 patrem

27 2455 267 2513 :onitin
292 2452 502 2508 Attonis
532 2462 600 2507 ex
625 2450 891 2520 sigefrido
919 2450 1015 2507 iiio
1042 2451 1215 2506 amico
1242 2449 1502 2507 Ludovici
1539 2449 1686 2519 regis
1726 2451 1914 2520 ortum,
1960 2461 2119 2519 quarn
2155 2460 2276 2503 cum

27 2558 167 2617 pso
198 2540 447 2610 eundem,
475 2553 596 2595 nam
623 2543 686 2595 et
708 2540 964 2610 temporis
992 2537 1328 2596 intervallum
1355 2553 1463 2594 nou
1490 2542 1765 2607 repugnat.
1837 2535 1950 2592 sod
1975 2535 2112 2592 alias
2139 2547 2277 2591 oon·-

27 2628 449 2692 cucuruzium
475 2627 742 2699 praeieto.
794 2628 922 2684 Atto
951 2625 1121 2682 adhuc
1149 2626 1237 2682 diu
1255 2629 1440 2682 vivere
1458 2627 1492 2664 ¹¹·
1521 2628 1717 2698 potuit;
1749 2636 1929 2695 neque
1949 2624 2093 2680 enim
2115 2635 2274 2693 nunc,
2347 2661 2354 2670 .

27 2724 258 2794 minor,
284 2721 464 2773 aetate
489 2721 777 2788 provectus
805 2714 921 2771 fuit.
1001 2713 1082 2771 Eo
1110 2716 1283 2770 minus
1313 2712 1610 2783 sigefridus
1637 2712 1732 2769 iiie
1760 2725 1946 2769 comes
1971 2714 2128 2783 pater
2153 2713 2274 2780 ejus

27 2808 235 2870 nabori
263 2809 458 2880 potest,
485 2809 541 2861 et
563 2805 704 2875 quod
723 2810 882 2875 caput
901 2797 1006 2872 est,
1030 2804 1257 2861 invenio
1274 2802 1416 2859 hunc
1443 2802 1640 2859 factum
1664 2802 1913 2857 comitem
1937 2800 2090 2867 regni
2116 2796 2275 2870 pala-

27 2906 234 2967 inum,
275 2910 430 2968 quem
465 2896 648 2966 utique
675 2893 842 2965 patris
869 2892 1179 2961 dignitatem
1207 2892 1419 2947 Attonis
1447 2889 1664 2947 chartae
1690 2901 1799 2946 nou
1824 2886 2271 2947 dissimulassem.

27 2990 333 3047 :aeterum
362 2985 428 3040 de
457 2986 627 3040 morte
653 2982 864 3038 Attonis
900 2981 1141 3038 dicemus
1177 2979 1246 3036 ad
1273 2994 1325 3036 a.
1352 2978 1414 3034 D.
1443 2978 1566 3036 970.

188 3074 278 3153 14.
344 3072 659 3128 Franciscus
687 3070 856 3127 Maria
890 3069 1269 3140 Florentinius,
1306 3069 1547 3125 medicus
1574 3067 1849 3139 Lucensis,
1888 3068 1973 3123 vir
2011 3064 2272 3122 doctissi-

27 3177 167 3225 nus
194 3166 256 3218 et
289 3160 745 3231 diligentissimus,
772 3162 828 3216 in
855 3159 991 3215 libro
1022 3159 1092 3215 de
1115 3158 1278 3216 rebus
1306 3157 1543 3214 Matildis
1569 3157 1753 3214 italice
1781 3172 1829 3213 ι.
1853 3153 1919 3211 D.
1940 3153 2096 3211 1642.
2124 3152 2272 3210 edito

27 3252 353 3313 itilissimis
381 3247 845 3306 observationibus
872 3245 1092 3319 referto,
1131 3246 1452 3317 sigefridum
1488 3247 1676 3303 statuit
1714 3247 1978 3315 originem
2013 3244 2275 3300 hahuisse

27 3360 101 3403 ex
136 3342 312 3412 gente
338 3340 625 3410 primorum
653 3338 884 3394 ‘rusciae
909 3333 1269 3393 marchionum
1305 3340 1363 3391 et
1391 3336 1598 3393 ducum.
1669 3335 1880 3392 Invenit
1907 3334 2050 3391 enim
2090 3334 2272 3405 diplo-

27 3435 191 3491 natn
230 3426 445 3485 ottonis
479 3426 566 3483 iv.
609 3431 667 3483 et
706 3425 961 3482 Friderici
1001 3424 1067 3482 11.
1096 3429 1440 3494 augustorum
1480 3425 1634 3481 annis
1661 3423 1814 3480 Dom.
1844 3423 2000 3481 1210.
2030 3427 2086 3479 et
2114 3420 2271 3478 1220.

27 3525 187 3590 lata,
209 3519 358 3591 prius
387 3528 704 3573 concessum
732 3514 914 3572 abbati
940 3513 993 3570 S.
1010 3513 1317 3570 -Salvatoris
1347 3513 1416 3569 de
1441 3513 1627 3586 Sexto,
1678 3511 1904 3570 alterum
1944 3510 2273 3568 monasterio

27 3613 77 3668 3.
116 3607 414 3663 Benedicti
439 3617 610 3676 prope
637 3602 920 3674 Mantuam,
949 3602 1042 3659 ubi
1070 3603 1292 3671 legitur:
1329 3619 1366 3658 a
1399 3603 1712 3658 mammone
1741 3600 2006 3657 Tliedaldo
2044 3603 2099 3654 et
2131 3611 2273 3667 pro-

27 3695 379 3767 venitoribus
403 3696 521 3762 ejus
546 3692 835 3764 Bom‘saci'o
863 3696 917 3749 ct
940 3692 1161 3748 Alberto
1198 3692 1600 3747 marchionibus
1639 3696 1694 3747 et
1731 3690 2060 3746 nobilissima
2099 3687 2273 3743 comi-

27 3792 177 3844 !issa
194 3783 437 3855 Notitae,
457 3784 594 3838 duce
620 3781 896 3852 Wetpliono
911 3785 965 3836 et
982 3782 1109 3836 aliis
1120 3782 1254 3836 vin's
1270 3780 1609 3837 nobilissimis
1626 3822 1640 3836 .
1657 3819 1672 3835 .
1689 3820 1702 3834 .
1722 3780 1855 3835 data
1873 3775 2275 3849 confirmanus,

27 3874 176 3933 inde
204 3870 427 3944 colligit,
454 3868 787 3927 Bonifacium
815 3873 871 3927 et
894 3868 1242 3927 Adalbertum
1277 3871 1481 3944 primos
1515 3869 1641 3924 ilios
1667 3869 1895 3925 Tusciae
1934 3867 2273 3923 marchiones

27 3964 128 4022 rel
159 3963 406 4018 rectores
434 3958 606 4018 fnisse
634 3959 857 4016 'tedaldi
883 3961 1273 4031 progenitores.
1344 3959 1454 4016 sed
1495 3955 1834 4013 Conteiorius
1875 3954 2019 4012 aliud
2047 3955 2274 4027 privile-

27 4056 187 4127 ζίιιιι
212 4051 419 4107 invenit
446 4062 495 4105 a.
524 4049 584 4104 D.
617 4048 770 4106 1184.
798 4048 977 4105 datum
1004 4047 1071 4105 ab
1100 4035 1331 4104 Henrico
1359 4047 1450 4119 vl,
1480 4049 1632 4118 cujus
1661 4045 1962 4118 exemplum
1991 4045 2117 4103 Otto
2150 4045 2274 4101 Fri·-

27 4140 369 4211 loricasque
422 4138 650 4209 proximi
698 4134 814 4195 fere
859 4150 1212 4194 successores
1255 4135 1504 4193 videntur
1547 4136 1738 4208 secuti,
1797 4150 1903 4206 quo
1948 4134 2273 4192 monasteria

27 4232 83 4290 3.
118 4228 410 4285 Benedicti
436 4240 597 4299 supra
638 4226 850 4300 Padum,
890 4226 960 4284 de
1006 4225 1272 4297 Gonzego,
1317 4224 1389 4281 de
1427 4223 1560 4280 Leto
1598 4221 1886 4298 Paludano,
1911 4224 2175 4281 sextense
2215 4224 2274 4281 in

27 4319 305 4379 comitatu
344 4315 575 4389 Lucano,
614 4321 672 4375 et
709 4315 765 4374 S.
792 4315 1007 4375 Martini
1044 4313 1146 4373 sub
1186 4315 1582 4386 imperatoriam
1622 4316 2011 4388 protectionem
2046 4314 2272 4386 recipit,

115 4441 172 4498 Ιὓ)
195 4440 254 4487 In
264 4441 376 4560 :ii
399 4446 467 4488 est
492 4442 659 4491 riserit
683 4453 898 4499 merser.
917 4440 1078 4491 virere
1102 4440 1271 4498 potuit,
1295 4409 1413 4487 ιιιιὼ
1435 4451 1589 4498 apocr.
1605 4440 1734 4489 met
1757 4438 1945 4498 vixerit,
1968 4441 2095 4489 eei-to
2111 4435 2272 4487 virere

199 4523 263 4571 ΡΟ
