2817 4959
522 237 611 302 24
1088 228 1623 297 ANNALES
1698 225 2152 293 IMPERII
2245 197 2252 200 ’

277 416 345 485 Α,
360 413 499 485 878
525 414 690 480 atque
714 409 998 465 exactione
1022 418 1219 463 census
1246 405 1408 462 annui
1446 404 1636 473 viginti
1661 403 1895 473 quinque
1919 399 2145 456 millium
2171 410 2563 470 mancusorum,
2613 413 2799 470 qua

521 498 809 556 Saracenis
845 511 931 567 an,
966 496 1108 567 quod
1132 494 1331 564 malim,
1356 492 1744 563 Amalphitanis
1771 490 1999 559 aliisque
2023 487 2368 543 auxiliaribus
2412 486 2616 557 solvat,
2657 502 2799 554 no]

522 587 789 659 explicat·,
832 586 931 641 sed
971 587 1139 652 magis
1181 598 1213 638 a
1240 580 1523 637 Lamberto
1565 594 1691 637 sese
1731 583 1895 648 atque
1922 576 2214 633 Adalberto
2242 577 2487 645 opprimi.
2559 576 2799 647 itaqu}

513 678 758 734 terrestri
786 674 932 730 aditu
956 671 1159 742 clauso,
1196 671 1327 725 mari
1354 682 1420 725 se
1448 670 1516 725 ad
1541 671 1716 741 ipsum
1744 667 2070 722 contendere
2098 664 2302 735 scribit,
2344 663 2632 721 laborioso
2677 681 2799 735 pei

517 763 724 821 Gallias
755 763 1010 832 circuitu3
1053 775 1159 831 quo
1187 763 1366 814 tamen
1392 770 1587 812 usurus
1618 759 1691 811 sit
1715 756 1783 810 ad
1811 755 1958 827 pacis
1985 752 2235 826 publicae
2262 752 2580 809 solidandae
2611 757 2798 814 inte

519 866 698 922 reges,
725 851 1103 919 ecclesiaeque
1131 851 1385 902 tutamen.
1440 845 1628 915 ltaque
1647 848 1702 899 et
1721 842 2034 899 Gemauiae
2058 844 2347 913 episcopos
2378 847 2435 897 et
2452 839 2700 898 Galliae
2745 846 2799 900 i:

520 940 763 1012 generali
781 939 985 1011 synodo
1000 937 1182 992 Trecis
1199 932 1446 989 habenda
1467 936 1883 1003 expectaturum,
1897 936 1952 986 et
1968 932 2028 987 in
2043 932 2238 986 itinere
2258 943 2376 985 cum
2392 929 2617 999 regibus
2638 931 2799 986 ool·

523 1029 854 1094 locuturum
882 1025 1077 1083 deinde
1103 1026 1226 1092 post
1243 1021 1510 1078 Kalendas
1530 1021 1752 1089 Augusti
1775 1020 1842 1074 ad
1865 1021 2149 1089 ipsummet
2166 1022 2445 1073 venturam
2461 1019 2798 1092 siguificat,

428 1135 447 1160 ⁸
522 1117 685 1175 modo
704 1119 881 1172 locum
899 1111 1277 1182 congrediendi
1295 1114 1609 1181 intempore
1627 1110 1887 1179 designet.
1925 1109 2065 1163 Acta
2081 1106 2349 1163 Lamberti
2365 1120 2475 1164 non
2493 1107 2799 1182 expuens

523 1205 594 1263 ad
609 1207 879 1277 proprium
900 1216 1027 1259 sese
1046 1200 1360 1271 opuseulum
1377 1199 1638 1271 referens,
1660 1213 1728 1255 ea
1741 1200 1813 1254 de
1831 1211 1891 1253 re
1911 1199 2279 1269 compositum,
2294 1197 2437 1266 quod
2453 1210 2566 1252 nen
2585 1203 2799 1254 extat.

666 1293 717 1349 9.
792 1289 1075 1347 Caeterum
1102 1295 1156 1346 et
1181 1288 1501 1345 Ansbertum
1528 1287 1985 1343 Mediolanensem
2024 1285 2193 1342 literis
2221 1284 2380 1341 Petro
2419 1286 2659 1341 creditis
2713 1288 2799 1343 ad

525 1379 786 1450 synodum
802 1381 1042 1435 vocavit:
1072 1380 1233 1433 etiam
1251 1377 1391 1447 apud
1408 1376 1798 1446 Angelbergam
1818 1378 2092 1444 augustam
2110 1379 2168 1431 et
2184 1375 2565 1443 Berengarium
2583 1374 2799 1430 Fore-

520 1468 835 1539 juliensium
862 1468 1052 1522 ducem
1079 1466 1329 1536 querelas
1373 1467 1639 1536 deposuit.
1711 1465 1849 1520 Huic
1884 1464 2071 1519 literas
2113 1466 2191 1519 ita
2226 1461 2496 1518 inscribit:
2545 1461 2799 1519 Dilecta

519 1555 638 1626 filio
664 1555 1005 1625 Berenqarr'o
1026 1544 1268 1624 ,qloriosb
1294 1557 1488 1625 comiti,
1527 1557 1680 1625 reqia
1700 1556 1960 1625 prosapia
1985 1556 2126 1607 orto.
2197 1551 2358 1608 Petiit
2384 1551 2451 1605 ab
2475 1564 2573 1620 eo,
2618 1555 2694 1607 ut
2727 1557 2799 1607 et

522 1646 646 1715 ipse
674 1644 813 1715 apud
834 1642 1277 1699 carolomannum
1302 1644 1484 1712 instet,
1510 1656 1580 1698 ne
1600 1642 1797 1697 diutius
1815 1641 2048 1710 grassari
2066 1638 2347 1696 Lamberto
2374 1638 2572 1706 liceat3
2603 1642 2799 1695 affla-

524 1733 669 1788 em'm
702 1731 986 1803 quomodo,
1026 1731 1214 1802 inquit,
1254 1733 1399 1800 nqis
1433 1729 1617 1800 fideles
1657 1731 1819 1785 amici
1856 1743 1972 1784 esse
2001 1731 2328 1800 possumus?
2394 1726 2694 1785 Habentur
2732 1733 2799 1786 et

526 1818 810 1890 epistolae,
850 1833 985 1890 quas
1025 1819 1093 1875 ad
1121 1818 1444 1875 Ludovicum
1471 1822 1529 1875 et
1557 1817 1805 1875 carolum
1839 1816 2031 1873 &atres
2060 1816 2221 1872 dedit.
2291 1812 2630 1872 Ludovicum
2653 1832 2794 1874 nen

524 1910 729 1965 tantum
758 1908 1034 1979 praesides
1061 1909 1214 1977 regni
1253 1910 1339 1964 sui
1365 1908 1565 1964 Trecas
1605 1908 1835 1979 mittere,
1874 1906 1973 1962 sed
2001 1909 2057 1961 et
2095 1906 2291 1961 adesse
2326 1908 2505 1973 rogat3
2548 1905 2798 1962 incivili

525 1996 818 2069 desiderio,
857 2000 919 2053 ut
940 2011 1106 2065 reguo
1131 1997 1367 2053 nondum
1394 1998 1569 2051 amico
1597 2007 1662 2051 se
1689 2006 1927 2065 suosque
1955 1993 2216 2050 crederet.
2289 1990 2484 2049 Carolo
2509 2001 2788 2066 excusat,

527 2086 673 2156 quod
710 2099 820 2140 uon
863 2085 1011 2156 prius
1053 2086 1348 2155 scripserit,
1395 2083 1467 2140 ob
1510 2082 1687 2138 aditus
1730 2082 2069 2138 interclusos.
2153 2080 2476 2138 Prolixiores
2521 2090 2661 2140 sunt
2710 2085 2794 2141 ad

524 2172 855 2229 Ludovicum
886 2169 1100 2227 Galliae
1118 2184 1303 2240 regem
1330 2172 1581 2241 scriptae.
1652 2169 1907 2241 Deplorat
1932 2175 2157 2226 mortem
2179 2169 2358 2225 Caroli
2383 2172 2788 2241 imperatoris;

531 2262 774 2331 quamvis
800 2260 908 2330 ipsi
934 2258 1302 2326 gratulandum
1331 2260 1403 2314 sit
1423 2260 1490 2314 de
1508 2258 1770 2314 felicitate
1799 2273 1913 2329 sua,
1942 2260 2032 2329 qui
2059 2260 2199 2314 inter
2226 2262 2416 2315 coetus
2443 2260 2790 2330 angelorum

529 2348 835 2420 triumphet.
908 2346 1017 2403 Sed
1056 2346 1348 2403 ecclesiam
1387 2352 1537 2403 tanto
1577 2346 1933 2416 gubernatore
1962 2348 2284 2418 destitutam,
2325 2361 2468 2418 pene
2509 2346 2798 2406 fluctibus¹

529 2436 716 2505 mergi.
787 2434 973 2506 Rogat,
1013 2437 1074 2490 ut
1111 2437 1348 2505 paternis
1386 2436 1652 2506 avitisque
1691 2435 1953 2506 exemplis
1982 2438 2262 2506 excitatus,
2299 2436 2358 2491 in
2395 2438 2788 2506 nequissimos

530 2522 778 2580 homines
803 2525 1070 2594 insurgat;
1098 2537 1217 2579 cum
1241 2523 1575 2580 consobrinis
1603 2524 1818 2593 regibus
1845 2538 2034 2595 pacem
2062 2524 2221 2580 colat.
2291 2522 2501 2580 Deinde
2525 2527 2582 2579 in
2601 2524 2785 2582 Lam-

531 2610 743 2671 bertum
767 2612 1050 2684 invehitur,
1076 2614 1302 2683 eiusque
1321 2613 1596 2670 moecham
1625 2627 1865 2670 sororem
1881 2616 1972 2684 (ut
1987 2614 2093 2682 ait)
2110 2611 2430 2683 Rotbildem,
2451 2627 2571 2669 cum
2591 2614 2786 2670 Adai-

532 2700 691 2757 berto
717 2703 907 2758 marite
936 2714 1054 2756 suo.
1124 2700 1303 2773 Addit,
1344 2702 1488 2770 quod
1523 2703 1685 2758 etiam
1713 2702 1853 2773 apud
1882 2701 2104 2757 alterum
2131 2699 2456 2756 Ludovicum
2481 2703 2798 2772 injecerat„

532 2787 869 2846 Lambertum
898 2801 1025 2845 sese
1052 2792 1240 2846 contra
1277 2789 1513 2858 regalem
1555 2792 1867 2861 progeniem
1911 2789 2189 2861 extollere,
2233 2793 2290 2844 et
2327 2791 2538 2860 imperii
2579 2790 2776 2847 fasces

534 2878 754 2935 ambire.
827 2878 890 2935 Id
915 2879 973 2934 iu
1002 2873 1165 2936 fratre
1192 2881 1312 2947 ejus
1335 2883 1562 2935 eventus
1584 2877 1978 2948 comprobavit3
2008 2879 2107 2934 sed
2135 2883 2260 2934 tunc
2277 2878 2492 2947 quidem
2517 2881 2778 2949 speciem

533 2980 645 3023 non
683 2967 935 3024 babebat.
1004 2961 1198 3038 Itaque
1236 2966 1368 3023 nihil
1411 2967 1522 3024 tale
1561 2967 1805 3038 pontifex
1839 2970 1934 3024 aut
1971 2965 2361 3022 Carolomanao
2402 2969 2493 3022 aut
2547 2966 2774 3037 carolo,

532 3053 722 3112 Italiae
749 3054 1112 3125 vicinioribus,
1141 3056 1372 3125 scripsit,
1400 3057 1492 3125 qui
1520 3056 1866 3127 probationes
1896 3058 2234 3123 exegissent:
2269 3069 2343 3111 ne
2369 3054 2500 3110 illud
2529 3055 2774 3125 quidem,

536 3143 684 3213 quod
723 3142 870 3197 addit
908 3143 964 3196 in
1003 3141 1175 3197 literis
1203 3143 1272 3197 ad
1298 3140 1505 3199 Galliae
1533 3157 1735 3214 regem,
1773 3143 2113 3200 Lambertum
2141 3144 2350 3212 legatos
2378 3143 2618 3211 donaque
2648 3141 2772 3196 Ta-

535 3233 750 3286 rentum
789 3232 1023 3301 misisse,
1053 3234 1108 3284 et
1147 3228 1536 3287 Saracenorum
1576 3231 1777 3287 auxilia
1819 3233 2110 3303 expetisse.
2181 3230 2427 3302 Denique
2459 3235 2526 3301 te,
2568 3231 2772 3301 inquit,

534 3320 795 3390 mitaris
821 3318 941 3374 loco
966 3320 1307 3388 moratores
1331 3322 1558 3389 amsii,
1586 3333 1760 3376 meum
1784 3335 1822 3374 a
1846 3322 2071 3375 secretis
2096 3321 2465 3376 consiliarium
2481 3323 2772 3389 constane,

538 3407 603 3461 ut
627 3407 851 3461 consilia
889 3409 949 3461 ιιι
979 3421 1149 3462 unum
1175 3421 1444 3478 cogamus.
1515 3406 1623 3463 Sed
1665 3420 1817 3479 spem
1860 3410 1977 3478 ejus
2015 3423 2116 3465 rex
2141 3408 2348 3465 Galliae
2387 3409 2499 3465 vita
2536 3410 2776 3480 primunr

539 3489 713 3550 fracta
736 3493 1143 3566 infirmitatibus,
1170 3509 1297 3550 mox
1322 3497 1378 3553 et
1403 3500 1576 3553 morte
1604 3497 1858 3552 destituit.

684 3583 769 3638 10.
841 3580 973 3638 Cum
1011 3584 1070 3641 in
1095 3582 1373 3640 Provincia
1399 3584 1770 3658 applicuisset,
1807 3585 2022 3641 Arelate
2060 3586 2184 3658 ipsa
2219 3585 2307 3642 die
2331 3585 2389 3640 S.
2417 3584 2774 3655 pentecostes

543 3669 671 3743 egit,
696 3670 1072 3742 Bosonemque
1097 3671 1165 3728 ad
1191 3685 1255 3728 se
1281 3676 1512 3730 vocavit.
1564 3674 1693 3731 Iade
1721 3675 1788 3730 ad
1814 3673 2209 3743 Angelbergam
2236 3675 2469 3745 scripsit,
2495 3673 2774 3729 Rusonem

542 3770 609 3815 se
636 3762 691 3816 et
706 3759 1136 3830 Hermengardim
1158 3761 1413 3818 florentes
1431 3763 1767 3834 complexum
1793 3775 1937 3833 esse,
1964 3774 2253 3832 amoreque
2281 3767 2558 3833 augustae,
2583 3767 2644 3818 et
2668 3773 2774 3831 pro

543 3847 817 3905 ecclesiae
844 3847 1162 3906 defensione
1184 3850 1242 3905 id
1268 3863 1447 3921 agere,
1474 3854 1535 3906 ut
1560 3852 1628 3907 ad
1653 3855 1886 3920 maiores
1911 3850 2350 3920 excelsioresque
2377 3852 2571 3918 gradus
2599 3848 2776 3908 attol-

543 3935 735 3996 lantur.
805 3937 1070 4007 Hortatur,
1098 3941 1154 3993 ut
1182 3940 1327 3994 tanto
1362 3936 1538 3996 labori
1564 3938 1761 4010 faveat,
1790 3942 1847 3995 et
1874 3941 2034 3995 certis
2059 3940 2261 3995 nuntiis
2289 3939 2504 3995 consilii
2529 3940 2616 3995 sui
2644 3948 2777 3994 sese

545 4028 709 4096 atque
728 4023 853 4078 illos
883 4027 1169 4097 participes
1197 4024 1378 4083 faciat.
1453 4026 1606 4083 Unde
1630 4027 1862 4097 intelligi
1889 4031 2084 4099 potest,
2115 4029 2181 4084 de
2211 4028 2426 4084 Bosone
2453 4028 2522 4082 ad
2549 4039 2776 4095 reguum

544 4111 890 4184 provehendo
910 4116 1023 4180 jam
1051 4119 1160 4171 tum
1189 4115 1415 4173 consilia
1440 4117 1656 4184 agitata.
1715 4115 1852 4171 Nam
1869 4115 2015 4172 tiliae
2032 4119 2259 4188 augusti,
2288 4117 2489 4173 domini
2506 4116 2775 4186 quondam

548 4203 652 4271 sui,
691 4202 1049 4271 provinciales
1086 4203 1355 4261 favebant.
1440 4203 1512 4261 Et
1550 4219 1673 4263 cum
1709 4204 2101 4277 archiepiscopi
2144 4205 2478 4264 Arelatensis
2517 4201 2777 4272 Rostagni

549 4302 716 4359 opera
746 4291 1058 4346 necessaria
1096 4295 1260 4363 esset,
1298 4290 1442 4349 bunc
1477 4305 1619 4364 papa
1658 4292 1765 4350 sihi
1802 4295 2072 4366 conciliat,
2110 4295 2373 4367 vicesque
2409 4295 2466 4350 ei
2505 4306 2632 4350 suas
2677 4303 2773 4362 per

551 4374 775 4435 Galliam
805 4380 1099 4453 committit,
1130 4394 1237 4453 qua
1259 4379 1480 4444 lionoris
1508 4381 1656 4443 larva
1679 4395 1856 4457 nuper
1877 4385 1936 4441 et
1959 4381 2282 4469 Amegisum
2307 4383 2532 4446 luserat.
2595 4379 2773 4451 iubet,
