2817 4959
620 298 1154 368 awffamts
1217 300 1675 371 IMPERII
2118 309 2250 374 257

24 477 252 548 sirpe-
278 475 336 530 in
363 471 546 530 tabula
569 470 830 546 =deiiaeat3
866 477 1022 547 qnasi
1058 477 1276 534 muns
1312 490 1383 535 ex
1406 477 1506 535 flio
1533 491 1669 538 neve
1690 480 1954 537 venisset
2007 480 2249 540 Erebun-
2273 482 2341 552 A,
2359 481 2500 551 012,

24 578 214 634 gerum
246 562 498 619 comitem
538 560 865 632 Brona-geri
903 568 963 620 et
983 563 1293 636 ·liicbardis,
1329 565 1525 623 Carolo
1552 567 1752 624 Crasso
1791 572 2005 642 nuptae,
2048 577 2254 643 patrem

24 652 237 723 r'nis803
282 665 350 707 ex
390 650 628 706 secundo
667 649 1007 720 Erchangero
1042 658 1221 712 natum
1260 657 1491 726 tertium,
1551 671 1671 712 cum
1705 656 1954 714 Bertoldo
1990 656 2156 716 fratre
2196 665 2255 717 et

24 738 351 809 Kunigunde
387 753 591 808 sorore,
648 741 874 808 primum
911 739 1196 812 Lnitpoido
1235 741 1524 799 Pannonici
1562 742 1744 800 limitis
1784 744 2091 817 marchioni,
2129 748 2256 804 dein

24 829 283 886 Conrado
309 828 422 897 regi
449 830 628 898 nupta.
663 826 876 884 Fratres
894 840 1052 897 aegre
1081 829 1330 902 tulerant,
1347 833 1675 905 episcopum,
1694 833 1938 890 Hattenis
1956 837 2254 904 patrocinio

22 920 74 973 in
103 916 240 973 aula
269 918 575 987 gratiosum,
612 915 829 988 praedia
849 917 913 972 ad
927 920 1018 986 Jus
1041 916 1158 974 fisci
1178 921 1500 989 pertinentia
1526 933 1746 977 munere
1766 922 1915 990 regio
1939 922 2255 997 obtinuisse,

22 1019 168 1076 quae
199 1018 273 1061 eo
300 1005 422 1075 ipso
450 1006 890 1061 administrationi
930 1008 1166 1075 ipsorum
1194 1007 1652 1065 subtrahebantur.
1688 1008 1747 1064 Si
1772 1009 2086 1067 Ekkebardo
2115 1011 2258 1070 San-

23 1093 268 1163 gallensi
308 1093 594 1163 credimus,
652 1092 932 1150 Salomoni
965 1097 1078 1165 jam
1119 1095 1344 1154 Arnulio
1397 1100 1657 1164 regnante
1704 1098 1964 1167 indignati
2016 1104 2142 1155 sunt
2184 1101 2256 1157 ob

23 1182 298 1253 quaedam
343 1180 783 1251 sangallensibus
829 1181 982 1253 data,⁸
1015 1183 1083 1239 ad
1120 1182 1393 1240 Potamum
1438 1185 1690 1255 oppidum
1727 1189 2067 1260 pertinentia,
2112 1191 2257 1260 quod

23 1272 340 1326 nuntiorum
368 1283 612 1325 camerae
632 1272 770 1338 juris
799 1274 928 1342 erat,
967 1271 1022 1327 id
1051 1276 1135 1328 est
1173 1270 1267 1328 ubi
1310 1272 1493 1329 missis
1516 1276 1689 1343 regiis
1711 1277 1949 1334 residere
1978 1290 2095 1334 mos
2123 1281 2256 1334 erat.

29 1359 82 1414 ld
124 1358 388 1430 oppidum
433 1360 624 1434 postea
668 1358 734 1413 ad
774 1357 983 1414 Welsos
1027 1362 1291 1431 pervenit,
1338 1364 1393 1418 et
1432 1362 1491 1417 in
1529 1374 1597 1417 eo
1640 1364 1964 1420 novissimus
2004 1365 2258 1435 antiquae

29 1448 214 1519 stirpis
244 1444 478 1517 welfus,
503 1443 669 1502 frater
683 1445 1013 1515 Kunigundis
1039 1449 1209 1504 Azoni
1236 1447 1454 1505 Estensi
1478 1454 1693 1524 nuptae,
1735 1452 1987 1509 decessit.
2041 1453 2259 1511 Fratres

31 1536 360 1605 laganum
385 1535 571 1590 venire
593 1523 751 1605 jussi,
790 1534 976 1606 ibique
1003 1538 1152 1606 pacis
1180 1534 1429 1594 turbatae
1448 1538 1700 1610 damnati,
1722 1538 2048 1611 aliquamdiu
2074 1540 2258 1612 Ingel-

34 1625 193 1682 ionii
235 1626 294 1680 in
335 1623 562 1679 vinculis
603 1621 806 1679 detenti
847 1627 999 1694 sunt;
1055 1624 1155 1682 sed
1215 1624 1507 1683 Salomone
1546 1628 1668 1699 ipso
1722 1630 2108 1702 intercedente,
2157 1643 2258 1701 per

36 1712 321 1769 Rationem
349 1710 655 1768 liberantur.
703 1710 853 1768 Haec
877 1710 1096 1768 fabulae
1122 1716 1373 1782 suspecta
1399 1718 1540 1770 sunt.
1576 1714 1915 1787 Erkangerns
1938 1719 2257 1775 certioribus

36 1800 312 1857 autoribus
341 1798 442 1855 sub
473 1797 720 1856 Conrado
746 1800 988 1869 captivus
1015 1803 1074 1855 et
1099 1799 1240 1871 exul,
1280 1798 1530 1859 libertate
1559 1808 1795 1875 recepta,
1829 1807 2017 1862 iterum
2046 1809 2104 1863 et
2129 1819 2252 1875 gra-

35 1893 152 1945 vius
180 1888 421 1946 offendit.
457 1887 567 1944 Sed
592 1887 961 1945 Ekkehardum
980 1887 1163 1945 audire
1182 1901 1494 1964 pergamus:
1522 1892 1738 1959 species
1764 1892 1961 1949 deinde
1986 1895 2259 1951 amicitiae

33 1977 165 2048 fuit3
221 1976 323 2033 sed
367 1990 485 2033 cum
542 1975 828 2045 aliquando
872 1974 1239 2033 Constantiam
1293 1977 1504 2033 invitati
1547 1976 1802 2049 lauteque
1844 1978 2013 2036 habiti
2053 1984 2260 2054 essent,

36 2067 329 2137 episcopus
348 2066 640 2134 jactantior
679 2065 820 2121 inter
847 2068 1060 2122 caetera
1104 2077 1220 2136 sua,
1259 2078 1396 2134 quae
1425 2061 1691 2136 laudabat,
1732 2066 2003 2124 clibanum
2027 2067 2261 2136 Sangal-

37 2153 280 2210 lensibus
323 2166 452 2210 esse
497 2153 644 2223 dixit,
688 2152 781 2208 uhi
822 2165 930 2209 nno
970 2153 1154 2209 calore
1192 2152 1343 2208 mille
1381 2166 1550 2222 panes
1590 2160 1977 2228 coquerentur3
2024 2155 2264 2215 lebetem

42 2244 198 2298 etia-
239 2255 395 2308 suum
436 2254 678 2313 aeneum,
718 2243 905 2298 nescio
945 2255 1121 2312 quem,
1166 2241 1552 2311 praegrandem
1597 2246 1939 2316 memoravit3
1986 2249 2262 2316 postremo

41 2345 167 2387 esse
205 2330 313 2387 sibi
352 2333 601 2402 pastores
645 2332 820 2386 ovium
864 2331 1012 2401 dixit,
1057 2330 1166 2400 qui,
1205 2331 1255 2385 si
1294 2328 1488 2388 faciem
1515 2328 1748 2396 videres,
1790 2334 2060 2402 quantivis
2098 2334 2261 2403 praui

37 2418 386 2485 habemntun
426 2416 619 2489 quibus
654 2419 761 2488 ipsi
798 2417 1059 2488 hospites,
1100 2416 1423 2474 nobilissimi
1448 2418 1566 2490 viri,
1608 2421 1783 2490 capita
1810 2420 2067 2478 detractis
2097 2420 2260 2492 pileis
2357 2465 2363 2478 .

37 2506 336 2564 inclinaturi
377 2511 578 2563 essent.
633 2505 693 2562 ld
732 2505 973 2575 hospites
1013 2505 1224 2578 fratres,
1271 2507 1362 2578 qui
1403 2511 1619 2564 caetera
1660 2511 1928 2582 patienter
1966 2508 2261 2579 audierant,

41 2611 159 2653 cun
195 2598 310 2652 risu
353 2596 644 2667 aspernari.
721 2593 886 2650 linito
927 2598 1054 2665 post
1094 2599 1353 2666 tempore,
1393 2595 1451 2650 id
1492 2601 1579 2652 est
1621 2596 1726 2652 hoc
1767 2611 1909 2653 anno
1953 2600 2261 2667 praesente,

39 2699 158 2741 cun
200 2683 478 2740 Conradus
519 2697 618 2740 rex
660 2681 1011 2740 constantiae
1060 2681 1256 2738 festum
1299 2682 1512 2741 Domini
1564 2684 1862 2741 natalitium
1906 2684 2258 2754 celebrasset,

40 2776 276 2845 proxima
321 2772 426 2844 die,
470 2784 610 2843 quae
650 2770 706 2828 S.
747 2770 1001 2840 Stephani
1044 2773 1259 2828 nomine
1305 2773 1563 2841 inscripta
1607 2776 1709 2844 est,
1762 2773 1831 2828 ad
1873 2771 2257 2840 Sangallenses

39 2864 310 2935 navigans,
351 2861 465 2917 illic
502 2860 764 2930 reliquum
806 2861 946 2914 sacri
987 2860 1144 2914 tridui
1186 2862 1328 2929 egit3
1370 2862 1630 2929 episcopo
1671 2858 1868 2920 abbate
1909 2858 2259 2916 Constantine

43 2963 254 3008 mere
289 2954 464 3021 jusso,
504 2949 659 3019 quasi
697 2949 822 3004 vice
857 2951 1169 3017 permutata.
1229 2947 1340 3002 Sed
1366 2947 1444 3002 ibi
1471 2950 1678 3003 interea
1703 2961 1842 3004 nova
1870 2949 2063 3003 irarum
2094 2959 2258 3004 causa

45 3053 105 3095 ex
129 3053 188 3096 re
215 3038 426 3095 ludicra
449 3042 572 3095 nata
601 3040 702 3093 est.
758 3036 996 3104 Magistri
1036 3039 1308 3107 pastorum
1351 3036 1472 3106 duo,
1516 3034 1760 3091 homines
1806 3036 2118 3109 sylvestres,
2159 3035 2258 3093 sed

47 3127 260 3197 prolixis
315 3126 497 3184 barbis
558 3124 917 3195 venerabiies,
992 3123 1131 3179 forte
1183 3137 1361 3179 ursum
1419 3137 1742 3195 cervumque
1793 3117 1989 3181 recens
2042 3127 2259 3182 occisos

45 3217 282 3273 attulere.
347 3215 601 3271 Salomon
643 3229 858 3284 memor,
904 3227 1043 3283 quae
1089 3210 1214 3267 olim
1258 3215 1535 3284 jactasset,
1582 3211 1681 3268 bos
1727 3212 2065 3285 subornatos,
2108 3213 2261 3271 velut

47 3307 241 3361 ricinos
268 3308 327 3360 et
353 3303 555 3361 liberos
588 3302 782 3374 (bodie
807 3302 1021 3359 nobiles
1049 3302 1385 3369 dicerentur)
1427 3300 1619 3358 offerre
1650 3300 1959 3373 hospitibus
2004 3303 2258 3372 praedam

49 3396 285 3464 tanquam
312 3394 578 3464 propriam
599 3393 781 3460 jussit.
833 3390 1040 3448 Fran-es
1067 3390 1336 3461 principes
1364 3404 1462 3461 pro
1489 3389 1813 3447 humanitate
1836 3404 1933 3445 sua
1956 3404 2257 3461 assurgam,

46 3485 94 3536 et
112 3483 278 3554 pileis
308 3483 579 3545 detractis,
606 3479 859 3538 inclinto
886 3483 1199 3537 reverenter
1225 3490 1468 3551 corpore,
1488 3481 1686 3546 gratias
1704 3478 2049 3534 venatoribus
2071 3491 2254 3546 agere3

47 3570 132 3626 md
155 3585 219 3628 re
249 3584 376 3626 mox
403 3571 632 3640 cognita,
649 3570 1028 3639 impatientius,
1046 3581 1206 3637 qnam
1227 3582 1324 3639 pro
1350 3570 1433 3624 rei
1458 3565 1663 3638 merito,
1687 3580 1814 3622 sese
1842 3567 2033 3623 illusos
2055 3567 2257 3623 dolere.

47 3655 142 3714 liex
179 3672 456 3730 reversus,
500 3656 780 3715 intellecta
824 3671 1002 3728 cansa,
1054 3659 1378 3729 interposuit
1421 3669 1564 3728 sese,
1613 3656 1969 3725 ostenditque,
2014 3654 2150 3710 baec
2189 3654 2257 3709 ad

47 3744 357 3806 hilaritatem
386 3752 705 3819 comparata,
741 3749 853 3802 risu
879 3745 1223 3802 vindicanda:
1265 3747 1366 3801 sed
1399 3744 1481 3800 illi
1509 3744 1883 3802 contumeliam
1924 3745 2260 3813 interpretati

47 3841 184 3905 sut3
236 3842 294 3893 et
323 3841 450 3893 tunc
477 3837 692 3907 quidem
719 3847 968 3908 pressere
996 3837 1143 3906 ham,
1185 3848 1325 3906 quae
1362 3837 1558 3906 postea
1597 3832 1885 3890 violentius
1926 3833 2112 3908 erupit.
2177 3830 2259 3888 lta

45 3938 208 3994 rugae
238 3931 497 3996 utrosque
526 3926 669 3981 seria
695 3924 906 3981 tandem
934 3926 992 3980 in
1017 3923 1158 3981 mala
1186 3925 1401 3980 duxere.

171 4016 224 4069 7.
261 4013 378 4070 Rex
400 4014 468 4069 ad
493 4013 873 4083 sangallenses
897 4025 1164 4086 reversus,
1187 4013 1475 4068 oratorium
1503 4010 1649 4067 beati
1672 4008 1911 4067 othmari
1932 4008 2076 4080 adiit,
2097 4011 2259 4065 auto-

39 4102 188 4159 ritate
216 4101 458 4159 Bomana
483 4104 624 4158 inter
650 4106 867 4158 sanctos
893 4104 1116 4172 recepti.
1189 4100 1270 4157 lta
1306 4100 1650 4159 Ekkebardus
1680 4099 1931 4168 loquitur,
1966 4098 2261 4154 canonisa-

38 4192 195 4246 tionis
226 4192 417 4261 (qnam
444 4191 672 4259 vocant)
708 4188 1012 4263 exemplum
1051 4189 1210 4247 nobis
1251 4189 1520 4261 praebens
1558 4201 1669 4246 non
1704 4186 2060 4258 poenitendae
2097 4190 2258 4242 vetu-

38 4281 202 4336 statis.
265 4277 347 4334 lbi
390 4278 667 4338 conradus
707 4293 927 4350 memor,
969 4279 1239 4338 warinum
1284 4282 1342 4335 et
1380 4276 1765 4348 Ruodbanlum,
1819 4277 1909 4347 qui
1950 4274 2258 4332 othmarum

37 4366 160 4423 oiim
202 4373 478 4438 vexarunt,
517 4369 659 4428 inter
693 4372 945 4442 parentes
986 4383 1115 4425 suos
1156 4367 1342 4437 fuisse,
1393 4369 1571 4423 serica
1609 4370 1780 4436 veste,
1831 4369 2071 4436 argento,
2110 4376 2255 4431 auro,

37 4453 243 4527 oblatis,
265 4461 515 4525 tanquam
545 4459 735 4529 capitis
764 4461 850 4513 sui
875 4459 1064 4530 pretio,
1090 4460 1242 4528 quasi
1272 4458 1388 4527 ipse
1417 4456 1688 4528 laesisset,
1717 4460 1961 4511 sanctum
1990 4451 2252 4524 placavit:

183 4573 442 4609 sanans
469 4574 694 4609 runnu
724 4563 939 4610 ron-11.
1440 4624 1447 4634 .
1758 4567 1835 4632 Π
