2817 4959
711 362 1239 434 ANNALES
1311 368 1760 439 IMPERII
2219 379 2348 444 417

65 535 290 606 (quod
322 534 516 592 falsum
545 535 662 605 est)
687 551 734 593 a.
755 536 815 593 D.
836 538 956 596 934.
981 539 1189 598 obierit.
1263 542 1561 618 Broweru8‚
1590 546 2031 616 quemadmodum
2057 563 2103 607 a.
2129 550 2189 608 D.
2219 553 2340 614 930.
2368 558 2433 629 Α.
2460 554 2591 627 932,

69 625 440 695 notavimus,
470 623 689 698 dubitat,
717 631 888 683 utrum
915 628 1177 701 Rupertus
1199 633 1312 699 jam
1330 633 1562 701 sederit3
1594 635 1691 691 sed
1721 649 1840 692 cum
1866 637 2007 707 apud
2026 639 2346 698 Burcardum

73 716 151 769 et
181 713 248 766 in
280 710 536 769 Farsensi
575 715 737 770 etiam
779 716 967 774 codice
996 717 1199 774 diserte
1227 722 1542 793 nominetur,
1586 723 1846 780 dubitatio
1876 730 2071 785 cessat.
2142 729 2347 786 Far-du-

72 801 303 856 nensis
347 802 691 872 episcopatus
730 818 838 860 non
879 810 965 861 est
993 820 1111 861 cum
1137 811 1454 866 annotatore
1483 817 1627 867 trans
1655 810 1829 868 Albim
1857 815 2211 888 quaerendus,
2252 818 2346 876 ubi

76 887 428 945 Suardoues
448 888 660 948 Tacitus
681 891 927 966 collocat,
958 893 1056 950 sed
1074 894 1368 954 Pharodeni
1387 901 1511 953 sunt
1530 899 1704 969 Bardi,
1732 902 1824 970 qui
1842 901 1972 957 olim
1989 901 2340 979 Langobardi,

75 975 194 1032 ubi
220 976 523 1035 Bardorum
552 982 636 1035 est
662 982 829 1052 vicus,
858 980 1155 1040 Fardunum
1183 988 1303 1041 sive
1334 986 1633 1055 (uthodie)
1652 987 1860 1044 Vehrda
1889 991 2133 1064 episcopi
2160 993 2340 1052 sedes.

256 1065 347 1120 18.
422 1065 577 1122 Circa
603 1072 844 1139 tempora
870 1073 1245 1143 episcoporum
1274 1078 1514 1131 annotari
1541 1089 1740 1148 operae
1766 1081 1993 1147 pretium
2023 1084 2124 1153 est,
2150 1082 2339 1140 Hilde-

81 1152 325 1210 bertum
354 1169 401 1210 a.
422 1153 485 1211 D.
512 1155 633 1213 927.
674 1158 867 1215 sedere
909 1163 1178 1232 coepisse,
1218 1161 1507 1233 Rupertum
1547 1162 1670 1235 930,
1713 1163 1986 1223 Unuouem
2014 1167 2134 1240 918,
2172 1170 2340 1227 Udal-

78 1240 276 1298 ricuin
306 1242 429 1299 923.
458 1251 704 1317 exeunte,
734 1247 1053 1303 Bernardum
1082 1248 1202 1304 924.
1275 1249 1382 1307 Sed
1410 1255 1468 1306 et
1495 1241 1821 1321 quorundam
1846 1258 2043 1312 mortes
2063 1257 2337 1316 addemus.

83 1331 419 1388 Uuewanus
462 1333 597 1390 obiit
633 1348 681 1389 a.
713 1333 774 1389 D.
819 1335 938 1408 935,
981 1336 1276 1407 Nothingus
1317 1338 1439 1412 934,
1480 1339 1784 1396 Richwinus
1825 1341 1945 1416 933,
1991 1345 2336 1406 Adalwardus

86 1420 324 1478 eodem.
397 1420 465 1477 Et
490 1422 545 1478 hi
573 1422 787 1494 quidem
815 1429 924 1480 tres
952 1428 1210 1495 postremi
1237 1443 1308 1483 ex
1334 1431 1533 1484 nostris
1560 1428 1901 1486 Fuldensium
1949 1430 2205 1491 fastorum
2234 1449 2336 1492 ex-

87 1512 331 1580 cerptis.
403 1509 715 1578 Lambertus
743 1510 1272 1588 schafnaburgensis,
1303 1516 1567 1573 annalista
1592 1520 1793 1590 noster,
1824 1523 1876 1575 et
1904 1520 2334 1595 chronographus

85 1596 253 1654 Saxo
298 1597 613 1655 Thiotonem
653 1599 1154 1671 wirzeburgensem
1195 1602 1299 1659 hoc
1339 1619 1477 1661 anno
1523 1607 1752 1677 (nempe
1795 1611 1919 1664 ante
1964 1609 2256 1680 synodum)
2300 1625 2335 1668 e

88 1686 304 1743 medio.
331 1687 539 1743 tollunt.
612 1688 719 1745 Sed
761 1688 915 1745 fastis
957 1690 1311 1748 Fuldensibus
1359 1695 1529 1762 magis
1571 1695 1748 1767 credo,
1789 1711 1928 1753 anno
1970 1698 2330 1768 praecedente

91 1776 190 1831 17.
201 1774 319 1831 Kal.
332 1775 459 1831 Dec.
479 1775 640 1832 rebus
658 1776 901 1834 humanis
922 1782 1247 1837 excessisse.
1281 1780 1349 1836 Et
1366 1784 1543 1837 statim
1563 1787 1830 1839 successit
1845 1785 2142 1842 Burcardus
2161 1786 2329 1844 abbas

91 1862 540 1920 Hersi'eldensis:
581 1878 703 1921 nam
745 1869 847 1936 (ex
888 1866 1140 1923 chronico
1169 1867 1622 1940 wirtzeburgensi
1649 1884 1683 1926 a
1709 1870 1929 1928 Baluzio
1971 1874 2150 1943 edito)
2190 1890 2239 1931 a.
2267 1874 2330 1931 Ι).

89 1950 228 2008 931.
259 1951 324 2007 ad
355 1954 718 2025 episcopatum
759 1959 979 2011 evectus
1022 1960 1122 2011 est.
1197 1954 1502 2015 Chronicon
1529 1958 1809 2017 Mindense
1845 1965 2068 2020 mortem
2098 1962 2330 2021 Lutharii

90 2040 350 2112 episcopi
390 2043 448 2098 in
487 2055 532 2096 a.
560 2041 624 2097 D.
652 2042 771 2100 936.
801 2047 1068 2114 prorogat,
1109 2044 1208 2100 sed
1238 2056 1306 2099 ex
1330 2043 1435 2101 hac
1461 2046 1668 2115 synodo
1695 2046 1971 2115 refutatur,
2004 2051 2063 2108 in
2090 2065 2195 2123 qua
2215 2055 2326 2121 jam

89 2127 395 2198 Evergisus
436 2130 595 2187 sedit.
666 2130 735 2185 Et
773 2145 906 2188 vero
933 2132 1083 2188 illum
1118 2147 1168 2189 a.
1196 2131 1268 2200 1).Ι
1288 2131 1409 2188 927.
1434 2133 1649 2192 obiisse
1685 2142 1897 2193 constat
1923 2152 1995 2194 ex
2018 2138 2213 2197 iisdem
2238 2139 2328 2199 fa·-

93 2223 304 2273 storum
345 2221 630 2289 excerptis.
703 2219 980 2277 Dudonem
1010 2220 1481 2291 osnabrugensem
1517 2237 1566 2278 a.
1592 2222 1651 2277 D.
1682 2222 1802 2280 934.
1830 2226 1968 2281 vivis
1998 2227 2322 2297 excessisse,

89 2305 434 2362 Erdmannus
473 2309 529 2363 in
572 2307 822 2364 chronico
851 2309 1053 2365 scribit.
1125 2310 1312 2382 ltaque
1336 2311 1599 2383 pleraque
1619 2311 1845 2383 liquent,
1872 2313 2194 2387 solutusque
2221 2322 2321 2389 est,

93 2396 196 2465 qui
224 2393 498 2451 Habilioni
525 2392 686 2452 etiam
707 2397 987 2456 videbatur
1014 2397 1249 2455 difficilis
1275 2401 1466 2456 nodus.

245 2485 325 2541 19.
398 2482 680 2540 Caeterum
709 2485 990 2541 dicendum
1020 2492 1119 2550 est,
1149 2487 1235 2542 vel
1264 2490 1356 2557 (ut
1375 2486 1634 2557 fecimus)
1661 2492 1958 2559 augendum
1988 2506 2115 2549 esse
2131 2491 2319 2550 Error-

30 2598 44 2610 ·
94 2573 292 2629 diense
331 2571 614 2628 concilium
643 2586 848 2629 canone
874 2588 983 2629 nno
1011 2573 1252 2630 alterove
1280 2589 1440 2646 novo,
1479 2591 1637 2646 quem
1666 2578 1962 2635 Burcardus
1990 2581 2317 2650 trigesimum

91 2667 306 2718 sextum
327 2666 380 2717 et
404 2663 728 2731 trigesimum
751 2663 1034 2732 septimum
1052 2661 1414 2718 Althemensis
1436 2663 1593 2734 tacit3
1622 2666 1710 2721 vel
1739 2668 1881 2736 quod
1909 2668 2104 2739 malim,
2133 2684 2315 2727 errore

93 2749 281 2820 aliquo
318 2749 738 2821 subscriptiones
791 2763 900 2807 non
940 2753 1092 2821 aptas
1132 2764 1163 2805 a
1206 2750 1474 2807 Burcardo
1514 2752 1605 2809 vel
1644 2767 1711 2809 eo
1752 2767 1909 2824 quem
1957 2761 2177 2813 secutus
2213 2763 2315 2828 est,

93 2837 427 2895 Althemensi
454 2838 658 2909 syuodo
687 2841 1005 2909 assignatas.
1075 2838 1322 2907 Denique
1350 2853 1522 2894 canon
1550 2842 1837 2912 secundus,
1866 2845 2068 2915 tertius,
2099 2846 2313 2914 quintus

96 2927 454 2984 Errordiensis
485 2926 716 2999 concilii,
752 2929 806 2982 in
855 2927 1102 2983 Burcardi
1132 2927 1457 3000 collectione
1484 2929 1786 2984 inseruntur
1825 2929 1962 2985 libro
1990 2931 2127 2987 xm.
2158 2935 2313 3004 capi·

97 3014 228 3073 tulis
247 3016 323 3071 21.
342 3015 512 3071 2827.
533 3015 847 3086 additurque
876 3015 1076 3071 diserte
1099 3027 1224 3070 esse
1252 3028 1320 3069 ex
1346 3017 1578 3071 concilio
1605 3018 1754 3086 apud
1767 3018 2091 3089 Erphesfurt
2111 3021 2311 3091 habeo,

97 3108 194 3160 cui
227 3105 464 3174 interfuit
490 3105 759 3160 Heni-icus
796 3118 917 3159 retr.
990 3103 1247 3174 Suspicor
1287 3103 1411 3159 bina
1442 3103 1671 3160 coucilia
1698 3107 1753 3160 in
1781 3106 1958 3176 aliqua
1988 3108 2309 3165 collectione

95 3192 205 3250 sibi
223 3196 496 3262 conjuncta
514 3192 699 3264 fuisse,
727 3196 786 3247 ut
805 3192 1116 3249 Germanica
1140 3196 1195 3247 et
1218 3194 1512 3262 temporum
1540 3192 1819 3249 intervallo
1846 3197 2050 3264 vicina3
2080 3200 2309 3255 iactum-

97 3297 204 3353 que
224 3281 425 3350 deinde,
454 3287 510 3338 ut
528 3280 774 3337 librarius
801 3281 998 3352 aliquis
1027 3283 1142 3337 sive
1172 3281 1372 3337 codicis
1403 3281 1702 3351 descriptor
1727 3282 2053 3354 negligentia
2080 3287 2305 3355 quadam

99 3371 256 3427 finem
298 3370 827 3443 subscriptionesque
871 3370 1252 3440 Althemensis,
1297 3375 1352 3426 et
1397 3371 1794 3441 inscriptionem
1842 3372 2304 3443 Erpesfordieusis

98 3459 443 3530 transsilierit‚
472 3463 562 3515 aut
590 3461 749 3516 etiam
777 3461 830 3514 iu
860 3460 1049 3515 codice
1075 3459 1314 3515 mutilato
1340 3471 1450 3515 non
1475 3461 1756 3516 invenerit.
1827 3459 1909 3516 Ita
1938 3462 2077 3517 male
2106 3460 2301 3519 factum

97 3552 199 3619 est,
227 3552 281 3604 ut
304 3547 721 3621 subscriptiones
740 3546 1118 3604 Erfordienses
1136 3546 1236 3603 sub
1256 3549 1604 3618 inscriptione
1626 3547 1956 3605 Althemensi
1976 3549 2299 3617 legerentur.

96 3635 490 3694 Hildesemense
518 3637 806 3694 chronicon
824 3636 1160 3699 Quercetano
1180 3635 1414 3691 debitum
1442 3635 1621 3707 habet,
1657 3650 1724 3692 eo
1754 3651 1858 3706 quo
1878 3637 2137 3692 Henricus
2165 3638 2301 3694 obiit

98 3739 233 3782 anno
270 3740 503 3795 magnam
545 3725 802 3794 synodum
839 3726 893 3781 in
924 3723 1203 3795 Erpesrort
1231 3724 1579 3790 celebratam
1622 3725 1719 3780 sed
1756 3726 2006 3795 placitum
2043 3726 2297 3794 generale

100 3815 209 3885 ruit,
238 3812 320 3868 ubi
347 3817 500 3870 morti
528 3817 855 3886 propinquus
885 3814 952 3870 de
980 3825 1299 3869 successore
1327 3815 1621 3869 constituit.
1682 3847 1691 3858 -

233 3901 314 3956 20.
363 3902 425 3959 Ιιι
451 3902 781 3962 Erfordiensi
808 3901 1008 3974 placito
1030 3903 1309 3974 praesenti
1345 3891 1785 3958 deliberationem
1824 3900 2117 3959 institutam
2145 3902 2293 3960 arbi-

99 3994 219 4062 tror,
257 4003 402 4060 quam
443 3997 705 4049 memorat
728 3991 1066 4056 witikindus,
1110 3991 1527 4047 decurrentesue
1566 3989 1632 4046 ad
1672 3988 1831 4044 tinem
1871 4003 1989 4045 cum
2028 3991 2292 4061 Huugaris

94 4079 323 4137 inducias
347 4083 648 4150 praestaret
670 4081 960 4152 prorogari,
989 4085 1045 4136 et
1070 4093 1257 4150 pacem
1286 4074 1415 4135 auro
1443 4078 1646 4149 redimi,
1674 4090 1743 4131 au
1769 4091 1947 4133 veram
1969 4083 2023 4134 et
2042 4079 2291 4136 decoram

97 4169 316 4239 quietem
356 4167 496 4225 ferro
541 4170 730 4240 parari.
821 4168 935 4225 Rex
973 4170 1135 4236 igitur
1178 4182 1295 4223 cum
1340 4169 1647 4223 universum
1691 4165 1958 4239 populum,
2001 4168 2057 4222 id
2099 4172 2185 4224 est
2222 4183 2291 4225 ex

98 4255 283 4328 populo
300 4271 562 4329 proceres,
585 4260 955 4328 convocasset,
976 4257 1074 4313 sed
1092 4257 1336 4312 Saxones
1354 4257 1583 4311 maxime
1605 4258 1662 4311 et
1679 4253 1969 4324 Thuringos
2000 4259 2055 4312 et
2080 4257 2291 4312 vicinos

97 4346 310 4402 Francos
356 4350 571 4416 praesto
616 4345 909 4418 habuisset,
968 4358 1286 4416 progressus
1329 4347 1383 4400 in
1431 4344 1677 4416 medium,
1731 4343 1967 4401 ostendit
2008 4345 2287 4413 imperium

102 4432 441 4490 Germanicum
458 4448 568 4490 non
595 4436 769 4490 minus
797 4434 1044 4492 civilibus
1072 4433 1355 4490 discordiis
1382 4446 1537 4503 quam
1556 4432 1716 4494 bellis
1737 4434 1971 4491 externis
1989 4431 2286 4503 laborasse,

102 4536 231 4580 nunc
246 4522 411 4579 divino
431 4536 665 4593 munere,
691 4524 886 4580 virtute
911 4524 1151 4596 militum,
1171 4535 1269 4580 suo
1288 4522 1476 4583 labore
1498 4536 1563 4580 ae
1583 4522 1744 4582 ductu
1763 4522 2020 4578 barbaros
2039 4519 2284 4592 domitos,

201 4639 434 4712 annates
480 4640 706 4675 rurs-n
745 4641 867 4675 τοι.
897 4631 954 4674 11.
1751 4632 1833 4698 27
