2817 4959
655 329 1192 401 ANNALES
1259 333 1716 403 IMPERII
2164 337 2293 408 235

31 506 408 567 adhibebant.
474 506 573 563 His
614 507 821 563 animos
846 505 1117 564 boninum
1155 506 1214 565 in
1253 522 1316 565 se
1358 509 1770 579 convertebant3
1811 523 1949 583 quae
1975 510 2293 588 difficultate¹
2316 516 2382 586 Α,
2403 516 2538 586 911),

33 601 294 673 placent,
337 610 447 653 nec
489 597 658 652 cuivis
693 595 974 654 imitabilia
1009 600 1148 670 sunt,
1189 599 1505 668 praesertim
1541 600 1681 656 inter
1718 599 1945 676 populos
1974 603 2041 658 ad
2067 605 2295 675 septen·

36 689 288 745 niuem
328 689 636 756 vergentes.
730 685 840 742 Sed
873 687 1066 755 juvant
1103 689 1291 757 magis,
1333 702 1489 758 quam
1532 685 1736 745 iaciunt
1774 690 2037 748 virtutem.
2120 691 2290 748 Recte

36 775 316 850 precibus
345 776 653 847 studiisque
676 774 894 831 labores
921 787 1167 831 manuum
1197 774 1592 846 conjungebant
1618 780 1674 833 et
1700 776 2070 833 educationem
2093 782 2294 848 Juven-

40 867 176 922 tutis
212 862 502 922 curabant.
583 863 743 932 Aegri
773 865 972 919 exitum
1000 863 1169 919 morbi
1198 863 1567 935 providentiae
1604 865 2018 937 committebant,
2061 868 2291 924 consilio

41 953 382 1024 plerunque
406 950 547 1008 baud
574 951 1014 1024 reprehendendo
1042 952 1096 1008 iu
1126 955 1271 1009 tanta
1296 952 1639 1024 ambiguitate
1675 954 1915 1011 medicae
1958 956 2113 1027 artis;
2153 969 2294 1026 quae

49 1050 264 1112 tanen,
310 1043 376 1096 ut
413 1054 659 1111 auguror,
697 1039 954 1111 paulatini
994 1045 1154 1112 caput
1191 1042 1248 1097 in
1275 1042 1557 1099 clariorem
1582 1040 1760 1100 lucem
1787 1043 2015 1100 attollet.

193 1131 254 1185 4.
318 1127 637 1185 Guilielmus
665 1143 730 1186 se
757 1130 946 1186 duceni
974 1133 1162 1200 vecat3
1191 1142 1259 1186 ea
1283 1134 1411 1186 tunc
1438 1132 1795 1202 potentiorum
1822 1133 2071 1188 comitum
2099 1130 2294 1202 appel-

47 1218 185 1275 latio
233 1221 376 1288 erat,
415 1219 509 1287 qui
534 1231 644 1273 non
673 1220 873 1274 tantum
888 1221 1012 1289 jura
1038 1217 1302 1290 dicebant,
1340 1218 1439 1275 sed
1467 1222 1523 1274 et
1549 1221 1722 1291 copiis
1751 1225 2032 1291 praeerant
2060 1219 2127 1276 ad
2156 1218 2293 1277 iines

51 1307 211 1377 regni
247 1304 503 1378 tuendos,
545 1310 601 1362 et
640 1306 864 1376 proinde
907 1308 1106 1379 passim
1135 1306 1469 1364 marchiones
1511 1306 1850 1379 dicebantm
1892 1308 2033 1380 quod
2072 1308 2291 1365 honoris

54 1408 264 1451 nonen
304 1396 448 1466 patri
488 1396 608 1462 ejus
639 1393 907 1451 Beruardo
949 1396 1255 1466 impositum
1295 1395 1584 1467 aliquoties
1621 1396 1866 1453 vidimus.
1935 1396 2048 1454 Sed
2076 1401 2132 1453 et
2158 1409 2291 1453 avus

58 1482 389 1555 Ber-ardus,
427 1496 660 1554 proavus
687 1482 992 1557 Raiualdus,
1029 1483 1248 1541 Pictavii
1289 1498 1488 1556 comes,
1532 1489 1904 1542 memorantur.
1976 1484 2292 1554 lagelberga

59 1571 198 1629 uei·
229 1570 469 1628 Bosonis
498 1568 608 1627 filia
636 1576 767 1643 erat,
795 1570 1050 1628 Ludovici
1086 1574 1230 1643 regis
1258 1572 1611 1647 Arelatensis,
1650 1577 1926 1643 augustum
1957 1586 2020 1631 se
2049 1573 2290 1647 terentis,

59 1674 217 1717 soror
244 1662 412 1716 etiam
441 1672 538 1731 per
563 1663 800 1733 matrem,
829 1663 885 1716 ut
912 1665 1134 1732 apparet
1163 1675 1230 1716 ex
1257 1659 1364 1719 alia
1388 1662 1570 1719 charta
1584 1662 1870 1736 Wiibelmi,
1893 1677 2051 1734 quam
2069 1660 2289 1721 Habilio

61 1748 215 1805 dedit
239 1761 355 1804 sec.
383 1747 471 1803 tv,
497 1747 700 1805 Beued.
735 1753 867 1819 part.
911 1748 961 1804 2.
1030 1748 1112 1806 De
1151 1752 1322 1807 morte
1364 1753 1484 1819 ejus
1525 1756 1582 1808 et
1619 1765 1939 1810 successore
1975 1764 2195 1821 agemus
2222 1748 2289 1807 ad

62 1849 116 1892 a.
143 1834 214 1891 D.
236 1834 361 1907 918,
382 1835 476 1891 ubi
501 1837 656 1907 plura
682 1836 752 1893 de
776 1851 845 1894 eo
873 1837 1130 1893 dicemus.

218 1926 273 1978 5.
335 1923 446 1979 Boc
469 1938 627 1991 anno,
655 1929 710 1980 et
731 1929 983 1996 quantum
1011 1939 1080 1981 ex
1107 1925 1478 1996 antiquissimo
1503 1923 1817 1996 necrologio
1842 1925 2100 1982 Fuldeusi
2124 1924 2293 1981 intel-

60 1989 166 2083 .
196 2013 392 2083 potest,
418 2018 542 2095 ante
569 2016 850 2083 aestatem,
876 2012 1011 2069 obiit
1036 2012 1352 2084 Adalgarius
1385 2012 1887 2084 flammaburgensis
1923 2012 2295 2084 archiepisco-

61 2115 188 2175 pus,
217 2101 312 2156 cui
321 2100 566 2171 flogerus
598 2103 879 2171 successit,
907 2115 1065 2171 quem
1085 2117 1154 2159 ex
1172 2101 1402 2171 Corbeja
1421 2108 1602 2160 nostra
1624 2102 1920 2173 adjutorem
1947 2104 2292 2173 assumserat,
2400 2166 2409 2174 ⁰

61 2190 283 2263 qualem
325 2189 616 2261 ipsummet
653 2189 784 2247 olim
823 2189 1137 2247 Rembertus
1175 2190 1518 2261 Adelgarium
1557 2191 1657 2248 sub
1698 2192 1933 2261 warino,
1968 2194 2081 2260 jam
2120 2191 2291 2260 prino

61 2293 255 2337 revera
302 2277 520 2334 abbate.
591 2277 708 2333 Illic
742 2277 988 2334 monachi
1027 2278 1261 2335 babitum
1299 2281 1557 2351 gessisse,
1592 2279 1755 2336 babet
1780 2279 2047 2336 indiculus
2076 2278 2293 2337 fratrum

61 2370 129 2426 ad
155 2368 441 2425 Bodonem
468 2381 639 2437 usque
668 2366 914 2423 abbatem
944 2367 1115 2424 seculi
1142 2367 1279 2425 xlv.
1307 2370 1616 2442 productus,
1656 2381 1815 2440 quem
1841 2367 2030 2427 Petrus
2059 2364 2295 2424 wissel-

63 2458 288 2516 beccius
307 2456 379 2512 ad
399 2455 689 2512 chronicon
708 2469 863 2512 suum
882 2454 1303 2530 fluxariensestn
1322 2473 1463 2515 anno
1485 2459 1639 2516 1498.
1656 2459 1866 2531 finiens,
1894 2457 2134 2529 adjunxit
2150 2454 2294 2527 apud

61 2545 360 2604 Paulinum.
403 2544 637 2600 Adamas
651 2545 954 2600 Bremensis
982 2545 1187 2617 scribit,
1215 2550 1487 2615 gravatum
1515 2550 1811 2604 senectutis
1840 2549 2079 2618 pondere
2123 2542 2296 2600 Adai-

61 2639 282 2709 garium,
312 2633 586 2704 adjutores
604 2647 636 2690 a
655 2647 858 2689 summo
876 2632 1127 2704 pontifice
1147 2637 1430 2705 accepisse
1447 2638 1653 2692 vicinos
1673 2637 1962 2707 episcopos
1981 2634 2083 2705 (de
2100 2631 2294 2703 quibus

63 2725 130 2781 ad
159 2739 210 2781 a.
238 2723 307 2780 Ι).
337 2721 517 2794 9053,
558 2724 694 2779 etin
721 2736 840 2779 eam
869 2736 983 2778 rem
1009 2723 1076 2778 ad
1105 2737 1314 2779 manum
1342 2738 1468 2780 esse
1496 2724 1668 2792 Sergii
1694 2723 1970 2794 utriusque
1997 2721 2296 2794 privilegia.

63 2813 172 2871 Sed
198 2827 364 2870 nun
392 2812 480 2867 liis
510 2809 837 2883 temporibus
863 2809 1107 2881 Sergium
1135 2809 1232 2867 lll.
1266 2816 1529 2868 novimus.
1592 2811 1706 2881 Ego
1733 2810 2072 2880 Adalgarium
2097 2809 2292 2866 vicinis

65 2902 496 2959 mundatum
534 2898 775 2956 arbitror.
845 2898 1079 2955 Adamas
1107 2902 1157 2955 7.
1183 2899 1308 2956 Idus
1335 2900 1465 2969 maji
1493 2915 1539 2956 a.
1567 2900 1629 2955 D.
1659 2900 1781 2957 909.
1808 2899 2068 2968 migrasse
2094 2897 2290 2968 prodit.

60 2990 142 3048 De
171 2992 264 3048 die
290 2989 453 3046 fldem
482 2987 643 3045 facile
667 2988 874 3059 babeo;
908 2986 1027 3044 dies
1055 2990 1200 3044 enim
1226 2988 1625 3045 anniversariae
1653 2988 1942 3045 memoriae
1970 2999 2134 3045 causa
2160 2985 2293 3041 dili-

64 3084 279 3152 gentius
322 3081 381 3135 in
418 3078 672 3136 ecclesiis
710 3075 988 3133 observari
1028 3075 1222 3134 solent.
1293 3076 1375 3132 De
1402 3091 1541 3132 anno
1570 3079 1737 3146 magis
1763 3080 1948 3133 nostro
1974 3073 2288 3145 necrologio

67 3169 246 3241 aedo,
295 3168 442 3239 quod
479 3167 719 3223 continet
754 3168 1060 3222 notationes
1089 3168 1675 3235 contemporaneorum.
1744 3163 1998 3237 Sepultus
2025 3168 2112 3222 est
2146 3166 2204 3222 in
2229 3162 2289 3221 8.

65 3256 350 3313 licbaelis
382 3256 728 3324 monasterio,
765 3254 908 3326 quod
935 3256 1056 3325 ipse
1082 3254 1297 3312 tumbae
1333 3255 1570 3323 magistri
1596 3255 1941 3327 imposuerat.
2011 3252 2295 3311 Successit

65 3345 332 3416 noges-us,
368 3344 439 3400 de
476 3358 583 3415 quo
623 3343 857 3400 Adamas
897 3343 1058 3415 addit,
1100 3357 1198 3416 per
1238 3345 1631 3400 contentionem
1673 3358 1705 3399 a
1748 3341 2063 3399 Coloniensi
2107 3341 2289 3398 arciri·

67 3437 334 3506 wisi-,opo
361 3432 674 3501 ordinatum,
699 3430 917 3501 pallium
946 3446 978 3487 a
996 3431 1181 3502 Sergio
1200 3447 1338 3505 papa
1365 3432 1679 3503 obtinuisse,
1708 3430 1930 3489 ferulam
1961 3445 1993 3489 a
2014 3429 2288 3486 Ludovioo

67 3536 229 3593 rege:
277 3525 492 3577 caetera
517 3522 637 3589 ejus
665 3521 913 3590 ignorari,
950 3521 1055 3577 nisi
1083 3521 1226 3592 quod
1254 3522 1589 3593 disciplinam
1616 3521 2041 3577 ecclesiasticam
2068 3520 2288 3589 egregie

66 3615 277 3668 tutatus
304 3609 521 3665 dicatur.
589 3608 797 3665 lateras
822 3607 995 3678 Sergii
1023 3609 1241 3682 pallium
1266 3612 1542 3682 mittentis,
1584 3608 1825 3665 dabimus
1851 3621 1991 3665 anuo
2019 3608 2285 3677 sequenti.

207 3699 269 3758 6.
340 3698 613 3755 Adalbero
659 3699 824 3754 etiam
872 3699 1161 3770 episcopus
1198 3699 1537 3770 Augustanus
1577 3698 1843 3755 hominem
1882 3697 2031 3753 exuit
2071 3695 2155 3751 ¹2.
2195 3695 2290 3753 die

67 3786 224 3860 inii,
264 3801 373 3857 qua
394 3788 597 3843 sanctis
624 3801 746 3844 eum
773 3786 1075 3857 menologia
1101 3787 1389 3844 ascribunt.
1459 3788 1768 3844 Eruditione
1794 3791 1851 3843 et
1878 3786 2142 3855 sapientia
2169 3783 2289 3842 cla·

67 3879 274 3941 raiss03
300 3877 508 3931 musica
527 3878 687 3932 etiam
714 3881 829 3933 arte
854 3875 1193 3947 excelluisse,
1223 3880 1278 3932 et
1305 3876 1449 3947 quod
1475 3879 1633 3948 caput
1658 3881 1760 3947 est,
1788 3886 2013 3943 magnae
2038 3873 2094 3928 in
2119 3885 2287 3943 regno

67 3966 371 4021 autoritatis
397 3962 586 4036 fuisse,
613 3979 732 4020 cum
761 3965 973 4022 aliunde
1002 3968 1237 4035 apparet,
1264 3969 1372 4020 tum
1406 3977 1473 4022 ex
1498 3966 1608 4021 vita
1630 3963 1864 4021 Udalrici
1890 3960 2138 4033 discipali
2166 3965 2288 4032 ejus

65 4057 120 4109 et
143 4055 251 4123 (ex
277 4053 600 4122 intervallo)
621 4056 975 4111 successoris.
1015 4053 1392 4110 venerabilem
1422 4057 1477 4110 et
1503 4052 1755 4123 inclytum
1780 4051 2109 4108 Hermanuus
2138 4050 2289 4109 Gon-

63 4143 272 4198 unctu
315 4143 579 4212 agnoscit.
660 4141 808 4200 Inter
847 4142 1037 4200 laudes
1077 4143 1271 4214 refero,
1316 4144 1460 4215 quod
1506 4142 1758 4198 creditam
1799 4138 1905 4196 sibi
1949 4140 2017 4197 ab
2062 4138 2286 4197 Arnuli'e

61 4235 294 4299 augusto
319 4229 778 4288 Laurisbaniensis
805 4232 1114 4289 monasterii
1154 4231 1663 4313 administrationem
1701 4243 1812 4286 nen
1850 4228 2061 4299 longius
2098 4228 2286 4297 tenuit,

60 4333 220 4389 quan
249 4318 319 4376 ad
345 4321 733 4377 restituendum
762 4319 1078 4393 disciplinae
1104 4322 1340 4392 vigorem
1369 4334 1504 4391 opus
1529 4319 1837 4387 videbatur3
1866 4325 1922 4377 et
1939 4320 2124 4390 quinto
2143 4327 2285 4372 anno

57 4409 300 4482 expleto,
331 4408 554 4466 flatrum
579 4408 834 4467 electioni
860 4410 1095 4482 reliquit.
1166 4410 1276 4467 Sed
1300 4411 1550 4480 quantum
1577 4405 2286 4483 apparet,i1attonoguuti-

55 4501 249 4557 aeasis
278 4498 720 4571 archepiscopus
743 4514 869 4558 mox
897 4500 1139 4572 ejudem
1153 4499 1466 4559 monasterii
1479 4499 1993 4560 administrationem
2011 4491 2283 4553 usum
