2817 4959
681 282 1214 353 ANNALES
1281 282 1735 353 IMPERII
2186 285 2305 352 62¹

236 459 322 515 17.
396 458 547 515 Haec
582 461 757 528 magni
792 462 1045 516 momenti
1082 473 1190 516 non
1232 463 1368 532 sunt,
1411 472 1517 516 nec
1557 474 1727 515 canon
1755 460 1953 530 primus
1995 464 2062 516 et·
2076 457 2306 532 ultimus,
2335 455 2559 528 ΔΑΜ.

97 548 199 604 etsi
246 548 436 603 eadem
477 550 704 603 tractare
746 549 1036 619 videantur,
1073 550 1204 603 satis
1245 550 1604 604 consentiunt.
1675 548 1932 619 Episcopi
1974 548 2078 604 sibi
2107 551 2160 603 in
2193 549 2316 605 ioe-

95 637 263 692 minas
293 635 723 692 subintroductas
755 637 1039 693 coercendi
1086 641 1408 707 potestatem
1450 637 1538 691 hic
1578 641 1805 708 sumunt,
1836 650 1973 707 quae
2015 637 2079 692 ad
2101 637 2316 705 judices

95 727 366 794 pertinere
392 724 563 779 videri
593 727 781 795 possit.
852 724 1024 780 Etiam
1052 727 1107 779 in
1138 726 1455 781 decimarum
1478 739 1640 779 causa
1669 724 1774 779 sibi
1797 723 1992 796 favent,
2012 725 2108 780 sed
2137 725 2318 780 multis

92 827 274 881 regum
304 815 608 883 praeceptis
642 814 881 868 decimae
908 815 1068 868 etiam
1098 815 1437 869 monasteriis
1469 812 1754 870 attributae
1781 817 1960 882 erant3
1999 825 2067 868 ne
2096 814 2219 884 quid
2247 814 2315 869 de

94 903 161 956 iis
191 902 382 967 dicam,
403 915 543 970 quae
572 904 625 956 in
654 901 821 956 laicos
852 901 1154 971 translatae,
1184 905 1274 957 aut
1294 904 1470 973 potius
1500 903 1785 969 originario
1799 904 1920 969 jure
1941 901 2116 956 laicae
2144 901 2313 956 fuere.

94 988 226 1052 Quid
270 992 414 1045 enim
464 988 783 1060 prohibebit,
811 1003 923 1045 rem
955 988 1220 1060 publicam
1250 1002 1375 1043 suas
1404 989 1510 1044 sibi
1537 989 1771 1045 decimas
1806 992 2050 1060 proprias
2080 993 2316 1060 exigere,

95 1076 233 1148 quod
261 1091 435 1146 nuper
461 1078 516 1131 in
544 1075 715 1132 Gallia
743 1077 856 1132 fieri
886 1078 1064 1147 coepit
1090 1080 1239 1145 regio
1271 1080 1470 1145 jussu?
1502 1078 1745 1133 Abbates
1782 1078 1837 1134 in
1859 1076 1960 1132 hac
1976 1077 2179 1147 synodo
2206 1094 2316 1134 non

93 1166 302 1221 sedere.
355 1164 545 1235 Neque
564 1180 634 1221 ex
652 1166 883 1222 saxonia
903 1169 994 1220 aut
1011 1164 1345 1222 Lothariensi
1366 1181 1532 1235 regno
1556 1167 1801 1237 episcopi
1820 1165 2132 1238 interfuere,
2155 1166 2316 1222 credo

94 1254 161 1309 ob
190 1254 501 1309 distantiam
531 1252 785 1323 locorum,
816 1257 873 1309 ut
900 1253 1159 1310 sumtibus
1186 1269 1291 1311 non
1319 1255 1647 1310 necessariis
1677 1257 1999 1323 parceretur.

234 1342 316 1397 18.
389 1340 474 1396 Ex
512 1340 692 1398 indice
733 1343 1107 1411 episcoporum
1143 1341 1510 1411 intelligimus,
1538 1341 1841 1397 manassem
1865 1347 1993 1397 tunc
2019 1342 2315 1398 Mediolani

90 1431 466 1502 praevaluisse
494 1430 733 1494 aemulo;
766 1430 962 1484 Bosoni
983 1430 1217 1496 lingonis
1246 1432 1387 1498 regis
1408 1429 1519 1485 filio
1548 1432 1781 1486 extincto
1810 1429 1948 1501 apud
1975 1429 2315 1487 Placentinos

91 1518 349 1588 sigolfum
369 1519 723 1586 successisse,
739 1531 896 1586 quem
914 1523 1037 1572 octo
1053 1531 1210 1587 supra
1232 1520 1442 1586 triginta
1454 1521 1605 1574 annis
1627 1518 1837 1575 sedisse
1851 1516 2101 1588 Campius
2115 1519 2316 1592 scribit,

91 1613 375 1679 narratque
425 1621 493 1661 ex
533 1606 919 1676 supplementis
967 1605 1231 1661 chronicis
1275 1606 1464 1662 ,iacobi
1493 1606 1717 1676 Philippi
1757 1607 2104 1678 Bergomatis‚
2146 1606 2315 1662 luisse

94 1694 354 1765 quoddam
392 1709 502 1749 non
551 1695 734 1763 procul
765 1693 955 1749 Crema
990 1693 1276 1750 Parassnm
1315 1695 1585 1766 oppidum,
1626 1692 1911 1749 haereticis
1940 1694 2171 1767 plenum,
2224 1697 2318 1765 qui

91 1783 257 1839 Deum
287 1784 568 1839 humanam
599 1782 818 1837 formam
841 1781 1040 1837 habere
1070 1782 1401 1838 dictitabant.
1475 1781 1604 1837 Cum
1633 1784 1687 1837 in
1718 1795 1814 1837 eos
1844 1782 2008 1838 verba
2025 1782 2153 1838 nihil
2182 1797 2316 1855 pos-

93 1878 226 1942 sent,
266 1872 521 1929 Ratherio
562 1872 722 1934 etiam
763 1872 1115 1941 nequicquam
1162 1869 1449 1943 scribente,
1488 1871 1552 1925 ad
1596 1871 1702 1952 vim
1727 1874 1944 1926 ventum
1975 1872 2129 1939 jussu
2167 1872 2315 1927 sedis

93 1961 449 2031 apostolicae,
475 1959 724 2028 oppidum
754 1961 964 2030 captum
985 1963 1038 2014 et
1066 1958 1398 2029 subversum,
1427 1965 1485 2014 ut
1511 1961 1602 2013 vix
1628 1959 1912 2027 vestigium
1939 1962 2188 2031 supersit,
2221 1974 2313 2016 or-

94 2048 351 2105 thodoxos
380 2049 511 2104 inde
539 2048 881 2102 discedentes
910 2046 1148 2102 Cremam
1179 2049 1469 2112 struxisse3
1501 2051 1722 2102 tractum
1751 2048 1889 2101 inter
1924 2047 2104 2116 plures
2157 2049 2317 2105 dioe-

96 2150 249 2195 ceses
298 2139 546 2206 divisum,
608 2138 939 2205 potissimam
986 2140 1162 2192 tamen
1214 2140 1416 2205 partem
1463 2134 1805 2190 Placentinae
1851 2137 2120 2206 cessisse3
2175 2151 2313 2207 quae

98 2224 308 2282 tabulae
352 2225 638 2281 manifesta
680 2230 818 2281 sunt.
891 2223 1033 2279 Nihil
1076 2225 1184 2279 tale
1222 2223 1430 2279 illorum
1461 2229 1755 2294 temporum
1785 2224 2074 2295 scriptores
2101 2223 2317 2296 habent,

96 2317 199 2369 etsi
227 2313 792 2385 Anthropomorphitas
836 2318 961 2369 tunc
989 2317 1308 2383 agnoscant:
1352 2313 1580 2369 necdum
1609 2311 1909 2366 haereticos
1939 2314 2172 2384 extingui
2199 2313 2317 2368 dis-

99 2403 293 2472 ciplina
322 2408 452 2458 erat.
526 2401 765 2459 Cremam
795 2403 961 2459 multo
991 2406 1339 2474 antiquiorem
1375 2400 1561 2474 fuisse,
1605 2399 1854 2470 Campius
1892 2401 2010 2471 ipse
2053 2403 2311 2469 agnoscit.

96 2490 160 2546 Et
200 2505 295 2546 cur
332 2505 441 2544 non
481 2490 633 2545 locus
674 2494 931 2560 pristinae
959 2493 1276 2550 dioeceseos
1319 2493 1622 2562 mansisset,
1649 2490 1778 2546 licet
1807 2491 2001 2561 oppido
2032 2490 2314 2546 subverso.

97 2577 287 2634 Crema
307 2577 428 2646 ipsa
447 2576 785 2633 Placentinae
804 2578 923 2648 tuit,
943 2578 1115 2635 donec
1145 2595 1190 2633 a.
1211 2580 1273 2634 D.
1301 2579 1453 2635 1591.
1474 2580 1738 2649 proprium
1760 2581 2068 2648 episcopum
2089 2580 2313 2649 accepit.

237 2665 322 2720 19.
395 2663 454 2719 ln
483 2663 582 2718 bac
628 2665 832 2734 synodo
863 2669 1280 2722 controversiam
1316 2668 1456 2721 inter
1496 2666 1822 2735 metropoles
1850 2655 2312 2734 salisburgensem

96 2759 152 2810 et
199 2752 623 2808 Laureacensem
665 2759 940 2809 tractatam
990 2754 1333 2822 crediderim3
1378 2758 1435 2809 et
1463 2754 1756 2822 Agapelum
1784 2767 1975 2823 papam
2011 2756 2068 2809 in
2095 2756 2207 2808 suis
2244 2753 2311 2809 ad

98 2840 381 2898 Gerardum
404 2841 823 2898 Laureacensem
853 2842 1025 2897 literis
1044 2841 1130 2897 vel
1161 2841 1365 2909 synodo
1392 2842 1653 2911 praeisse,
1671 2841 1760 2896 vel
1780 2842 1970 2911 synodi
1993 2844 2311 2898 sententiam

98 2937 335 2986 secutum
379 2944 524 2986 esse.
596 2915 845 2986 Ecclesia
886 2929 1268 2986 Laureacensis
1312 2928 1376 2985 ab
1421 2930 1637 2999 antiquo
1681 2929 2089 3000 metropolitana
2123 2928 2310 3001 fuerat,

99 3021 257 3088 atque
287 3018 353 3074 ab
384 3033 450 3073 ea
480 3017 601 3073 fidei
630 3020 798 3088 gratia
826 3021 880 3074 in
907 3019 1203 3074 Pannonias
1243 3021 1529 3086 emanarat,
1566 3016 1663 3072 sed
1695 3016 1962 3073 Pannonia
2003 3032 2036 3074 a
2075 3016 2316 3074 barbaris

99 3110 314 3175 paganis
345 3120 623 3179 oppressa,
647 3110 889 3179 episcopi
919 3108 1049 3164 sede
1078 3108 1293 3162 deserta
1321 3108 1483 3162 etiam
1524 3105 2015 3176 archiepiscopatus
2061 3105 2315 3161 honorem

100 3193 331 3251 dubium·
355 3195 459 3250 sibi
502 3196 759 3252 fecerant.
833 3197 984 3252 Nunc
1024 3209 1154 3251 vero
1192 3198 1484 3252 securitate
1525 3208 1623 3266 pro
1669 3199 1819 3265 parte
1854 3194 2063 3251 reddita
2091 3197 2318 3264 (nempe

100 3281 309 3340 Austria
339 3298 460 3356 pars
491 3283 791 3340 Pannoniae
821 3286 981 3356 erat),
1011 3298 1237 3353 aequum
1282 3296 1409 3339 esse
1447 3284 1652 3352 judicat
1686 3284 1971 3354 agapetus,
2000 3287 2072 3354 ut,
2100 3284 2317 3341 Arnone

100 3368 489 3442 salisburgensi
518 3373 773 3428 Bavariae
802 3375 1124 3442 provinciam
1153 3376 1327 3442 nacto,
1370 3386 1488 3428 eam
1527 3374 1793 3427 retineant
1833 3374 2051 3443 posteri,
2077 3370 2312 3428 Laurea·

101 3462 245 3514 censi
274 3473 372 3516 sua
401 3461 561 3516 sedes
592 3465 644 3518 in
672 3461 941 3517 Pannonia
968 3460 1244 3517 subsistat.
1318 3461 1491 3524 Quare
1521 3474 1582 3516 se
1624 3466 1861 3515 sanctam
1887 3458 2314 3516 Laureacensem

101 3546 385 3604 ecclesiam
426 3551 618 3606 iterum
658 3552 712 3605 in
742 3547 951 3604 culmen
980 3550 1373 3621 metropolitani
1413 3548 1630 3604 honoris
1671 3547 1936 3618 attollere,
1983 3551 2039 3602 et
2075 3545 2312 3603 Gerardo

101 3634 314 3700 pallium
344 3639 519 3708 largiri
550 3640 640 3694 ait.
688 3636 969 3693 Parochias
998 3642 1173 3694 autem
1201 3640 1276 3693 ita
1304 3639 1542 3709 partitur,
1561 3642 1635 3706 ut,
1657 3636 1843 3692 divisis
1863 3634 2066 3690 duabus
2085 3635 2315 3694 Noricae

99 3725 329 3790 regionis
360 3728 665 3798 provinciis,
696 3725 929 3781 Heroldo
957 3724 1355 3794 salisburgensi
1382 3725 1658 3782 orientalis
1687 3723 1991 3779 Pannoniae
2019 3738 2145 3780 cura
2163 3739 2316 3780 com-

102 3810 346 3884 mittatur,
386 3811 620 3870 Gerardo
666 3813 1026 3869 Lanreacensi
1063 3817 1119 3869 et
1158 3813 1568 3870 successoribus
1610 3818 1827 3884 propter
1857 3814 2143 3868 ‘emeritam
2170 3814 2315 3869 anti-

104 3900 349 3964 quitatem
380 3902 763 3959 Laureacensis
807 3901 1091 3972 ecclesiae,
1134 3903 1219 3957 cui
1255 3905 1376 3969 jure
1414 3904 1682 3971 juniorum
1722 3902 2024 3957 reverentia
2067 3904 2312 3971 assurgit,

106 3981 487 4047 benedictionis
518 3996 573 4047 et
599 3990 746 4047 sedis
776 3991 962 4046 ordine
990 3989 1247 4060 praelatis
1289 3995 1346 4046 et
1386 3982 1723 4061 praepositis,
1754 3991 1996 4046 custodia
2035 3990 2314 4045 orientalis

104 4070 398 4135 Pannoniae
423 4082 678 4150 regioque
707 4079 1015 4150 Avarorum,
1066 4078 1463 4134 Maharavorum
1499 4079 1883 4151 Slavorumque
1912 4078 2315 4134 christianornm

105 4168 455 4229 praesentium
499 4167 856 4224 suturornmve
898 4174 1262 4237 conservetur,
1305 4170 1389 4222 cui
1433 4172 1496 4221 et·
1531 4168 1680 4223 vices
1722 4180 1848 4224 suas
1890 4164 2218 4239 apostolicas
2257 4167 2315 4221 in

104 4252 454 4313 praedicando
485 4256 585 4313 Dei
612 4256 778 4312 verbo
807 4260 1186 4328 episcopisque
1233 4255 1619 4312 constituendis
1647 4256 1910 4312 concedit.
1981 4255 2129 4312 Haec
2165 4255 2318 4324 Aga-

105 4341 288 4410 vetum
327 4343 425 4401 sed
455 4361 573 4401 cnm
607 4345 827 4402 Romani
854 4344 1140 4416 pontifices
1169 4343 1344 4399 slavis
1388 4347 1445 4399 et
1471 4345 1734 4402 Avaribus
1762 4343 2009 4415 proprios
2045 4342 2314 4411 archiepi-

110 4435 298 4496 scopos
314 4436 730 4508 concessissent,
744 4435 1058 4505 metropolis
1078 4431 1464 4494 Laureacensis
1482 4446 1666 4491 rursus
1683 4433 1905 4502 nutavit,
1925 4436 1982 4488 et
1994 4444 2138 4492 nunc
2156 4441 2316 4500 aegre
