2817 4959
616 281 1149 355 ANNALES
1215 282 1681 354 1111‘131111
2135 283 2264 355 58⁷

49 462 189 522 >lde
217 461 436 533 comite,
464 473 535 518 ex
570 472 757 518 eorum
782 473 999 532 genere,
1026 460 1120 533 qni
1146 459 1277 517 dicti
1301 463 1494 534 postea
1520 462 1644 517 sunt
1666 459 1736 517 de
1751 457 1971 531 nocete,
2000 459 2058 517 et
2082 458 2262 517 archi·
2287 457 2356 528 A,
2371 457 2515 530 96⁰.

49 557 293 624 piscopo
318 548 560 608 Artaldo.
628 550 764 618 Regi
790 550 972 605 turrim
1000 548 1407 606 Laudanensem
1437 550 1630 606 reddit.
1699 549 1816 605 Rex
1842 549 1927 605 13.
1954 547 2070 606 Kal.
2113 548 2264 621 Sept.

50 641 210 696 ¹dict.
237 641 295 711 8,
348 652 489 696 anno
523 640 677 710 regni
718 640 801 695 15.
831 639 972 709 apud
1004 638 1201 695 Remos
1244 637 1519 694 confirmat
1557 642 1712 709 gesta
1738 636 1940 694 Amulii
1967 638 2182 694 comitis
2210 640 2268 695 et

52 728 353 786 arabionis
378 728 750 799 (flandrensis
777 726 1021 797 scilicet)
1047 729 1438 796 consanguinei
1463 728 1563 797 sni,
1590 726 1736 797 quod
1760 727 2086 782 monasterio
2100 726 2268 783 Blan-

56 820 264 874 niensi
291 817 432 887 apud
452 814 760 872 Gandavum
786 815 916 873 olim
942 830 974 872 a
1001 817 1060 873 B.
1080 817 1322 874 Amando
1340 815 1592 887 praesule
1620 818 1824 871 structo
1851 815 2063 871 ademta
2094 827 2268 885 quae-

49 920 144 962 rm
172 906 523 976 reddidisset,
548 905 645 961 uhi
671 919 769 977 pro
798 907 1072 962 canonicis
1092 908 1208 974 jam
1235 904 1461 961 Gerardi
1489 904 1801 960 Broniensis
1828 915 2002 973 opera
2021 902 2269 960 monachi

49 994 286 1064 gabant.
347 993 475 1051 Mox
500 995 692 1051 iterum
719 991 1036 1066 Compendii
1060 1009 1160 1052 rex
1186 997 1242 1051 et
1276 993 1430 1064 nugo
1460 993 1740 1063 congressi
1766 994 1916 1047 sunt:
1942 989 2019 1046 ibi
2036 988 2266 1048 Rodnlfo

49 1082 409 1139 rchidiacono
436 1083 787 1152 Noviomensi
822 1083 1166 1154 episcopatus
1207 1083 1376 1154 datur,
1404 1095 1472 1137 ex
1511 1082 1784 1138 sententia
1807 1079 1943 1136 cleri
1969 1082 2025 1136 et
2061 1078 2270 1152 populi.
2312 1117 2323 1128 .

50 1185 180 1241 ugo
210 1170 506 1227 Ambianos
534 1185 653 1228 cum
681 1172 922 1229 exercitu
946 1170 1222 1243 profectus
1249 1174 1306 1227 in
1342 1171 1694 1227 munitionem
1722 1169 1969 1241 episcopi
1994 1170 2266 1239 recipitur,

49 1265 256 1326 lteram
295 1258 527 1332 obsidet,
562 1273 721 1330 quam
759 1260 1100 1333 praesidiarii
1127 1258 1329 1316 Arnulfi
1355 1257 1640 1327 tenebant;
1671 1273 1776 1329 quo
1805 1261 2049 1329 tempore
2085 1255 2268 1311 Ludo-

48 1351 183 1405 icus
204 1346 535 1418 aegrotabat.
574 1348 788 1406 Interea
801 1348 1139 1419 Ragenoldus
1161 1347 1402 1405 Brainam
1420 1347 1673 1420 oppidum
1695 1346 1763 1403 ad
1783 1346 2028 1403 vidulam
2057 1357 2269 1402 amnem

49 1437 225 1493 uodie
260 1435 483 1506 velam)
510 1438 784 1510 munitum,
820 1436 1092 1495 ecclesiae
1122 1437 1532 1507 Rotomagensis
1572 1438 1982 1509 possessionem
2021 1436 2266 1506 occupat.

50 1539 137 1583 ex
166 1526 360 1596 iratus,
390 1526 613 1596 petente
631 1525 871 1598 lingone,
889 1526 1169 1583 invasores
1191 1527 1429 1598 expellit,
1458 1524 1585 1582 inde
1606 1541 1726 1582 cum
1751 1524 1978 1594 lingone
1998 1523 2271 1593 colloqui-

49 1628 118 1670 ιτ.
187 1611 294 1669 Ubi
312 1615 487 1669 vicum
505 1614 611 1670 sibi
636 1615 789 1671 reddi
804 1628 917 1672 non
943 1615 1189 1682 obtinuit,
1216 1630 1337 1672 cnm
1356 1615 1700 1673 codiciacum
1717 1615 1931 1671 interim
1958 1610 2025 1668 ab
2047 1610 2270 1667 Artaldo

49 1703 85 1758 d
114 1701 443 1759 Tetbaldnm
484 1706 736 1761 comitem
776 1701 1116 1760 descivisset.
1186 1705 1319 1762 lude
1345 1717 1522 1761 novae
1552 1717 1671 1759 cum
1696 1703 1922 1773 lingone
1949 1698 2269 1757 simultates.

49 1789 327 1849 'otbaldus
360 1791 489 1862 (qui
517 1795 573 1847 et
598 1791 875 1849 Blesensis
908 1804 1092 1848 comes
1113 1792 1338 1862 dicitur)
1354 1792 1462 1850 hoc
1478 1806 1620 1849 anno
1639 1779 2004 1850 salmurensis
2017 1786 2272 1845 coenobii

49 1881 400 1939 undationem
431 1881 589 1950 juvit.
660 1879 795 1949 Ejus
834 1879 1025 1937 ditioni
1059 1882 1401 1946 occiduarum
1441 1883 1721 1952 regionum
1761 1894 1888 1952 pars
1921 1892 2031 1936 non
2058 1876 2273 1934 modica

50 1969 277 2042 arebat,
316 1974 376 2027 ut
413 1971 489 2026 ait
526 1972 770 2025 nan-ator
807 1967 1152 2027 fundationis.
1222 1969 1435 2026 Dictum
1473 1971 1635 2042 vulgo
1681 1970 2008 2026 Tricatorem
2047 1964 2270 2022 Mabilio

50 2060 276 2115 nnotat.
342 2057 475 2126 Ejus
501 2071 637 2114 uxor
660 2055 936 2126 Letgardis
974 2057 1076 2115 tuit
1101 2058 1212 2116 filia
1237 2058 1508 2118 Heriberti
1534 2059 1603 2117 11.
1673 2057 1864 2130 ltaque
1906 2055 2130 2113 factioni
2154 2055 2272 2111 Hu-

49 2150 185 2212 :onis
215 2149 280 2203 et
311 2145 800 2203 veromanduorum
820 2147 1049 2203 innexus
1076 2151 1208 2204 erat.

170 2234 270 2291 25.
337 2232 619 2292 Letharius
646 2247 743 2292 rex
771 2234 978 2308 ltaliae,
1005 2234 1170 2307 Papia
1195 2236 1483 2294 Taurinum
1510 2251 1630 2295 cum
1655 2249 1827 2294 uxore
1859 2234 2134 2308 profectus
2162 2236 2271 2290 eta
2329 2264 2337 2270 -

49 2323 345 2382 marchione
370 2322 610 2380 Arduino
651 2322 937 2394 splendide
975 2327 1253 2396 exceptus,
1282 2323 1421 2381 feria
1449 2331 1638 2396 quarta
1665 2326 1750 2382 13.
1772 2325 1887 2381 Kal.
1907 2321 2188 2394 Novemb.,
2214 2320 2273 2376 id

49 2418 114 2470 »st
140 2413 256 2470 hoc
281 2425 440 2484 anno,
470 2413 525 2469 ei
543 2410 813 2468 abbatiam
840 2411 1243 2470 Bremetensem
1270 2425 1370 2484 per
1405 2414 1640 2485 diploma
1667 2414 1933 2483 concedit,
1958 2424 2066 2470 nec
2104 2408 2272 2466 multo

49 2506 154 2558 »ost
178 2506 455 2557 transacto
482 2501 572 2556 vix
598 2500 803 2556 mensis
830 2502 1008 2570 spatio
1039 2503 1379 2575 extinguitur,
1407 2502 1546 2559 feria
1573 2507 1728 2560 sexta
1759 2503 1842 2560 10.
1870 2499 1986 2557 Kal.
2013 2496 2272 2555 Decemb.

49 2587 247 2663 {orpus
274 2587 630 2646 Mediolanum
659 2586 952 2659 devehitur,
992 2588 1179 2659 ibique
1210 2590 1514 2646 tumulatur.
1586 2590 1717 2648 Tum
1760 2590 2114 2657 Berengarius
2147 2601 2270 2643 cum

49 2679 136 2736 ilio
168 2676 485 2749 Adalberto,
516 2678 603 2734 die
640 2677 923 2748 dominica,
964 2690 1150 2733 mense
1177 2677 1481 2749 Decembri,
1526 2677 1723 2749 Papiae
1763 2681 1820 2735 in
1861 2677 2100 2733 ecclesia
2141 2680 2270 2734 ante

49 2767 281 2823 ibsidem
300 2767 351 2822 S.
379 2765 660 2822 Michaelis
688 2779 722 2822 a
747 2764 1061 2837 proceribus
1088 2781 1185 2822 rex
1210 2764 1679 2836 Longobardorum
1698 2767 2067 2838 pronuntiatur
2083 2765 2269 2822 indict.

49 2857 76 2927 t,
105 2861 281 2927 atque
319 2855 448 2912 inde
475 2869 593 2912 cum
620 2868 790 2911 uxore
818 2853 980 2912 Willa
1000 2857 1113 2922 jam
1139 2855 1413 2911 laureatus
1441 2856 1569 2927 exit,
1597 2855 1778 2924 credo,
1802 2859 1861 2909 ut
1886 2853 2028 2926 apud
2054 2853 2269 2910 Medio-

53 2957 300 3002 anenses
341 2947 706 3001 coronaretur.
778 2945 889 3000 Has
932 2944 1190 3015 temporis
1226 2948 1383 2999 notas
1431 2956 1618 3000 omnes
1645 2945 1704 3002 in
1738 2943 1878 3001 hunc
1906 2957 2103 2999 annum
2130 2956 2270 2999 con-

49 3039 320 3092 ·‚urrentes
348 3032 654 3104 suppeditat
670 3032 830 3090 nobis
851 3032 1143 3090 chronicon
1162 3032 1559 3091 Novaliciense.
1616 3032 1900 3106 Conspirat
1917 3031 2270 3106 Frodoardus,

49 3125 119 3193 [ui
147 3124 379 3179 mortem
397 3120 633 3178 Lotharii
659 3124 717 3179 in
734 3123 860 3180 anni
886 3124 1087 3178 exitum
1113 3121 1378 3194 collocat;
1408 3125 1465 3179 et
1479 3135 1691 3179 veneno
1711 3127 1959 3180 necatum
1971 3121 2101 3180 ferri
2129 3123 2271 3178 scri-

49 3213 121 3268 nt.
194 3211 279 3267 At
315 3209 426 3268 Leo
455 3212 724 3269 Ostiensis
750 3212 806 3269 in
830 3209 1119 3282 phrenesin
1145 3211 1403 3268 incidisse
1433 3215 1491 3268 et
1516 3226 1639 3267 mox
1665 3211 1889 3269 obiisse.
1959 3211 2070 3270 Sed
2096 3212 2273 3283 potuit

49 3314 181 3357 nens
214 3303 365 3356 mota
389 3312 518 3358 esse
544 3314 643 3370 per
666 3313 953 3357 venenum.
1005 3299 1193 3355 Filiam
1220 3299 1459 3357 Emmam
1481 3301 1713 3374 reliquit,
1742 3316 1902 3372 quam
1930 3301 2129 3359 deinde
2157 3300 2273 3358 Lo-

49 3388 239 3446 harius
268 3401 363 3446 rex
391 3388 710 3447 Francorum
736 3388 1144 3446 occidentalium
1173 3388 1337 3446 duxit.

167 3476 268 3535 26.
335 3477 689 3549 Berengarius
714 3482 873 3535 natus
905 3478 1004 3534 init
1031 3492 1101 3535 ex
1128 3477 1327 3551 Gisela,
1366 3478 1481 3536 filia
1521 3482 1739 3549 majoris
1785 3480 2095 3551 Berengarii
2121 3478 2273 3537 Lon·

49 3564 390 3633 gobardorum
428 3568 593 3639 regis,
632 3567 835 3624 Romae
883 3571 1046 3625 etiam
1097 3570 1357 3625 coronati.
1430 3567 1641 3626 Patrem
1681 3568 1867 3627 habuit
1919 3567 2271 3626 Adelbertum

49 3652 345 3725 Eporediae
371 3656 747 3729 marchionem,
776 3656 1128 3715 Auscharium
1173 3671 1346 3723 avum,
1384 3672 1574 3716 omnes
1613 3663 1733 3716 ortu
1768 3659 2018 3715 Francos.
2088 3656 2273 3712 Ptater

49 3748 160 3800 tatu
185 3745 369 3801 minor
384 3746 515 3815 (sed
546 3759 614 3803 ex
640 3745 999 3816 Ermengarde
1021 3748 1261 3817 Hugonis
1288 3749 1435 3817 regis
1455 3762 1644 3805 sorore
1670 3749 1913 3815 uterina)
1944 3733 2273 3802 ,anscharius

47 3833 274 3888 narchio
294 3830 562 3890 Camerini
578 3834 784 3891 artibus
803 3835 1053 3892 avunculi
1073 3836 1360 3894 ceciderat.
1407 3837 1762 3907 Berengarius
1789 3851 1852 3895 se
1881 3835 2008 3905 iuga
2027 3835 2273 3907 periculo

49 3913 386 3994 mbduxerat,
426 3925 706 3980 restitutus
746 3922 846 3980 sub
874 3922 1128 3982 Lothario
1170 3931 1364 3984 cuncta
1400 3931 1630 3998 poterat,
1671 3939 1815 3982 nunc
1858 3928 2008 3996 regio
2051 3928 2273 3983 nomine

49 4013 235 4081 muto,
263 4013 427 4067 etiam
452 4012 706 4068 invidiam
733 4016 790 4069 et
815 4013 1059 4084 pericula
1084 4014 1264 4072 subiit.
1336 4014 1672 4072 Posteriores
1711 4014 1952 4071 historici
1977 4028 2135 4086 reges
2163 4015 2274 4071 Be-

49 4098 318 4165 rengarios
357 4104 469 4155 tres
508 4105 602 4158 aut
641 4104 869 4171 quatuor
914 4102 1129 4177 tinxere,
1172 4104 1314 4175 quod
1362 4105 1590 4175 primum
1626 4103 1826 4160 tamdiu
1865 4117 2127 4182 regnasse
2164 4117 2273 4161 non

49 4189 308 4253 putarent.
378 4187 490 4245 Leo
522 4189 793 4248 Ostiensis
820 4193 1087 4249 contrario
1114 4205 1301 4251 errore
1327 4205 1485 4251 avum
1504 4198 1562 4250 et
1584 4196 1844 4266 nepotem
1869 4197 1928 4252 in
1947 4207 2108 4253 unum
2137 4206 2274 4252 con-

49 4276 218 4331 traxit.

181 4363 270 4420 2⁷.
339 4365 627 4426 Arduinum
666 4368 1024 4428 marchionem
1052 4370 1440 4430 Novaliciense
1478 4370 1768 4431 chronicon
1797 4371 2137 4429 Glabrionem
2172 4384 2275 4444 ap-

49 4448 232 4522 l’fflss,
270 4455 327 4511 ⁰²
364 4456 733 4529 genealogiam
773 4459 896 4530 ejus
933 4459 1093 4517 nobis
1134 4462 1297 4522 texit:
1338 4462 1624 4533 Roget-ium
1651 4466 1710 4521 et
1732 4461 2027 4522 Arduinum
2060 4459 2275 4519 tratrem
