2817 4959
559 351 689 417 440
1147 341 1684 411 ANNALES
1754 340 2216 409 1111’131311

314 527 380 596 Α.
403 524 539 600 235,
565 537 692 593 ergo
733 536 854 579 cum
892 518 961 577 ad
998 518 1207 574 Bircam
1245 518 1554 576 Suedonum
1603 516 1897 587 emporium
1947 516 2208 588 venisset,
2257 512 2454 571 morbo
2496 517 2765 588 marma,

557 613 820 670 sarcinam
849 610 1088 681 corporis
1116 606 1382 679 deponit.
1433 607 1498 662 A.
1518 605 1581 661 D.
1601 604 1721 677 936,
1748 605 1934 660 indict.
1952 604 2005 675 9,
2034 604 2213 661 medie
2238 605 2438 660 mense
2470 604 2769 676 Septa-ki,

555 703 774 757 truncus
801 699 988 755 Bircae
1013 697 1320 768 tumulatus,
1347 697 1509 767 capat
1522 694 1765 750 Bremam
1790 692 2019 750 relatum
2037 696 2138 764 est,
2166 694 2297 749 etin
2316 691 2579 749 ecclesia
2596 693 2765 750 srael

556 803 738 845 coram
763 786 920 844 altari
945 788 1124 842 terrae
1149 784 1478 853 mandatum3
1508 795 1648 852 quae
1664 783 1713 837 si
1730 785 1962 848 veraest
1980 785 2279 852 temporum
2300 783 2545 854 notatio,
2574 797 2766 839 neceas

556 880 659 950 est,
687 875 966 932 Unnonem
995 886 1185 930 munus
1212 870 1569 942 apostolicum
1598 873 1689 925 vix
1712 869 1855 924 ultra
1880 883 2074 924 annum
2096 868 2439 925 extendisse.

696 964 752 1020 8.
821 962 980 1020 Aliud
1006 960 1221 1016 Henrici
1248 957 1481 1027 diploma
1514 958 1678 1028 paulo
1707 959 1961 1028 anterius,
2000 960 2153 1026 cujus
2179 956 2336 1013 locus
2363 963 2675 1014 annotatas
2694 974 2770 1015 aa

558 1055 661 1123 est,
699 1053 757 1107 in
783 1047 1067 1108 westfalia
1095 1047 1273 1108 datum
1309 1048 1573 1117 suspicor,
1613 1059 1719 1116 quo
1746 1045 1817 1102 ob
1846 1047 2289 1102 intercessionem
2316 1045 2652 1103 Machtildis
2672 1063 2771 1103 eca-

553 1144 699 1212 jugis
725 1143 781 1196 et
807 1137 1029 1195 Unwani
1056 1134 1486 1192 Padebornensis
1513 1135 1774 1205 episcopi,
1813 1133 2086 1190 sororibus
2112 1137 2437 1190 monasterii
2464 1136 2773 1192 Her-isiwss

554 1229 858 1298 libertatem
881 1225 1164 1296 eligendae
1188 1224 1512 1295 abbatissae,
1534 1224 1920 1278 inmunitatem
1942 1237 1976 1279 a
1998 1222 2333 1279 secularibus
2350 1224 2599 1293 judiciis
2623 1225 2773 1281 εἰὶσε·

551 1320 675 1387 jura
714 1315 973 1373 transdita
1001 1316 1037 1354 ¹⁸
1076 1313 1366 1383 confirmat,
1405 1311 1569 1383 idque
1608 1310 1790 1367 annuli
1824 1313 1910 1366 sui
1936 1311 2295 1383 impressione
2322 1315 2619 1382 adsignari
2642 1314 2773 1385 juset

558 1405 684 1462 Dat.
698 1407 750 1460 5.
765 1404 847 1459 Id.
863 1404 1002 1471 Maji
1018 1419 1071 1458 a.
1089 1404 1142 1458 d.
1156 1405 1261 1458 istc.
1279 1404 1403 1473 935,
1423 1404 1535 1457 ind.
1552 1401 1606 1472 8,
1625 1399 1917 1464 a‚Henrr'ci
1932 1402 2074 1471 repis
2094 1401 2177 1455 16.
2226 1398 2561 1470 Legendun
2580 1408 2707 1474 pate
2717 1404 2771 1457 17.

700 1491 753 1548 9.
824 1492 1088 1548 Henricus
1129 1505 1249 1546 cum
1289 1489 1429 1546 binis
1471 1487 1707 1546 Rudolfis
1747 1488 1965 1557 regibus
2002 1493 2148 1544 trans
2175 1486 2422 1544 Rhenum
2454 1505 2773 1560 congressui-r»¹

559 1579 688 1636 inde
716 1579 929 1635 domum
955 1582 1251 1649 revertens,
1280 1578 1516 1649 paralysi
1546 1591 1670 1633 mox
1700 1579 1872 1633 tactus
1899 1574 2084 1631 fertur.
2154 1573 2385 1632 Unwani
2412 1581 2677 1651 episcom
2698 1579 2775 1632 Pa—

560 1666 916 1723 debornensis
957 1671 1184 1722 mortem
1222 1668 1280 1722 in
1312 1665 1456 1722 hunc
1480 1680 1676 1722 annum
1715 1663 1883 1720 reiert
1919 1662 2254 1735 Scbatenius,
2294 1669 2411 1721 tun
2444 1671 2587 1736 quia
2610 1667 2773 1723 nullan

560 1755 789 1825 amplius
809 1756 927 1823 ejus
948 1756 1274 1812 mentionem
1290 1756 1510 1826 invenit,
1539 1760 1649 1810 tum
1667 1754 1790 1824 quia
1806 1765 2056 1809 numerus
2078 1765 2339 1808 annorum
2358 1753 2548 1827 sedis,
2569 1758 2776 1827 quam*

561 1845 716 1899 autor
755 1845 902 1901 vitae
938 1842 1252 1901 meinwerci
1293 1848 1349 1899 et
1387 1842 1695 1913 Gobelinus,
1737 1840 1894 1898 ambo
1922 1855 1991 1897 ex
2032 1842 2274 1897 dioecesi
2315 1846 2651 1918 scriptores,
2684 1845 2769 1900 hait

560 1934 866 1991 sententiae
892 1932 1093 1990 favent.
1162 1933 1440 1989 Successit
1466 1930 1637 2001 Dudo,
1664 1932 1757 2010 qui
1784 1931 1904 2000 quis
1934 1934 2023 1985 aut
2047 1930 2207 1998 unde,
2234 1932 2547 2000 ignoratur.

702 2021 786 2076 10.
859 2019 975 2077 Hac
1001 2023 1210 2078 aestate
1238 2023 1398 2078 etiam
1425 2020 1729 2088 Normanni,
1771 2019 1864 2088 qui
1900 2018 2161 2073 hactenus
2188 2019 2257 2074 ad
2285 2017 2537 2090 Ligerim
2567 2022 2768 2079 stabula-

557 2103 765 2179 bantur,
795 2122 914 2163 cum
943 2109 1088 2164 circa
1114 2109 1353 2186 ‘ljurones
1382 2111 1440 2164 et
1466 2122 1590 2162 mox
1623 2109 1679 2163 in
1705 2107 2024 2163 Bituricensi
2060 2111 2229 2162 tractu
2257 2111 2444 2164 omnia
2476 2117 2769 2175 vastasset,

558 2194 626 2250 ab
657 2195 881 2252 Ebbone
909 2197 1138 2268 quodam
1166 2200 1407 2268 principe
1432 2196 1562 2251 victi
1589 2196 1906 2252 scribuntur.
1961 2195 2014 2250 Is
2037 2195 2261 2266 provido
2279 2198 2531 2255 consilio
2560 2199 2767 2273 pontii&

559 2282 789 2352 dejectis
830 2283 1219 2352 arboribusque
1257 2285 1437 2340 caesis
1493 2285 1610 2339 vias
1653 2283 1899 2340 hostibus
1936 2284 2220 2356 impeditas
2258 2285 2530 2344 reddidit.
2607 2287 2767 2344 Dei-se

559 2370 773 2427 auxiliis
818 2384 851 2425 a
893 2385 1023 2440 rege
1069 2372 1329 2441 acceptis,
1377 2372 1702 2428 munimento
1752 2372 1969 2429 clausos
2018 2375 2145 2430 totis
2192 2373 2399 2429 viribus
2452 2377 2764 2449 oppugnari.

561 2455 732 2527 Capta
777 2461 900 2513 sunt
944 2457 1159 2515 tandem
1204 2461 1397 2528 castra,
1441 2457 1627 2516 hostes
1672 2461 2044 2518 internecione
2087 2464 2251 2533 caesi,
2296 2461 2458 2519 Ebbo
2515 2471 2695 2522 mea
2726 2477 2769 2518 ει

557 2545 785 2603 vulnere
812 2547 1064 2604 decessit.
1136 2546 1216 2602 Ea
1250 2548 1477 2602 victoria
1516 2545 1768 2605 effecisse
1795 2549 2021 2621 videtur,
2061 2554 2120 2606 ut
2145 2550 2391 2608 Britones
2420 2556 2608 2610 etiam
2633 2554 2768 2623 respi-

557 2639 758 2694 rarent.
819 2636 1245 2707 memoravimus,
1271 2638 1483 2693 nonita
1508 2637 1715 2708 pridem
1744 2636 2073 2695 Normannos
2101 2641 2303 2708 ingenti
2328 2640 2582 2699 victoria
2610 2646 2764 2716 potitos

560 2738 774 2781 omnem
801 2726 1122 2783 Britanniam
1149 2728 1406 2783 minorem
1448 2725 1555 2782 sibi
1594 2726 1914 2796 subjecisse.
1986 2725 2305 2782 Ceciderunt
2344 2727 2676 2803 ferociores,
2708 2737 2767 2784 as

563 2811 836 2884 dedignati
874 2817 1184 2873 servitutem
1223 2818 1282 2876 iu
1305 2815 1551 2885 Angliam
1591 2813 1955 2885 confugerant.
2022 2814 2180 2871 Nunc
2204 2814 2333 2871 a.l).
2356 2816 2491 2873 936.
2526 2820 2767 2876 Adelstaai

563 2901 764 2958 auxilio
790 2903 1020 2976 (audita,
1063 2910 1125 2961 ut
1150 2904 1392 2976 arbitror,
1420 2904 1652 2960 hostium
1682 2904 1868 2972 clade)
1904 2903 1975 2959 ad
2015 2917 2145 2960 suos
2185 2903 2403 2962 rediere
2430 2908 2625 2964 Alano
2652 2910 2767 2974 duce,

563 3004 726 3060 quem
770 2992 982 3062 quidam
1026 2991 1339 3050 Dolensium
1383 2995 1440 3049 et
1487 2993 1905 3050 Naunetensium
1950 2993 2142 3049 ducem
2190 2991 2410 3049 faciunt.
2512 2997 2767 3053 Nor-anri

561 3077 757 3134 iterum
783 3080 928 3150 victi,
956 3079 1167 3137 tandem
1194 3080 1467 3136 Britannia
1492 3079 1773 3152 Ligerique
1801 3094 2039 3137 cessere.
2103 3079 2266 3137 Porro
2296 3084 2432 3138 satis
2454 3086 2768 3154 intelligitur,

562 3162 671 3218 hoc
696 3164 762 3221 ad
790 3164 1030 3222 Rollonis
1059 3167 1228 3224 filium
1253 3169 1644 3240 Neustriaeque
1671 3170 2002 3225 Normannos
2040 3183 2150 3225 non
2188 3171 2505 3242 pertinere3
2557 3179 2613 3232 et
2637 3188 2697 3231 ex
2718 3185 2767 3227 co

563 3251 764 3307 sactum
799 3253 1029 3327 videtur,
1069 3259 1128 3311 ut
1165 3269 1270 3312 nec
1303 3256 1358 3312 hi
1397 3257 1625 3328 amplius
1664 3272 1697 3314 a
1735 3256 2041 3314 Britonibus
2079 3257 2404 3332 colerentur,
2445 3265 2555 3332 qui
2579 3276 2693 3319 sese
2714 3260 2766 3315 ab

564 3339 688 3396 aliis
715 3341 771 3398 iu
797 3340 1103 3399 libertatem
1128 3345 1511 3403 vindicassent.

708 3430 791 3486 11.
864 3429 1120 3488 Dabimus
1145 3432 1235 3489 hic
1260 3434 1618 3506 donationem,
1645 3450 1800 3507 quam
1819 3435 1971 3507 nugo
1997 3447 2095 3494 rex
2118 3435 2309 3494 ltaliae
2328 3435 2592 3495 Almo
2618 3436 2764 3493 coniti
2798 3489 2799 3500 ,

563 3514 717 3591 fecit,
743 3521 868 3590 quia
892 3521 940 3576 is
958 3519 1183 3577 babetur
1199 3525 1353 3579 autor
1369 3521 1867 3582 Monterratensium
1892 3525 2255 3582 marchionum
2274 3526 2363 3597 qui
2384 3532 2441 3582 et
2458 3527 2761 3584 Saluiam

566 3612 622 3664 et
650 3606 935 3665 Clavesani
972 3609 1326 3681 Ponzanique.
1401 3612 1598 3672 Comes
1638 3613 1743 3670 hoc
1781 3614 1904 3671 loce
1942 3614 2150 3685 dicitur,
2190 3612 2258 3669 ab
2288 3612 2491 3672 ottone
2525 3612 2760 3685 nagawi!
2798 3613 2799 3636 ff

565 3701 857 3770 praecepto
899 3713 946 3754 a.
974 3696 1037 3754 D.
1064 3698 1184 3755 967.
1222 3700 1346 3756 dato
1385 3702 1622 3758 marchio
1649 3701 1966 3774 appellatur,
2007 3705 2055 3758 si
2082 3702 2241 3760 modo
2268 3703 2410 3760 idem
2440 3711 2555 3761 est.
2618 3698 2759 3766 Valgi>

566 3784 889 3844 Saxonicum
927 3786 1143 3860 faciunt,
1181 3792 1237 3846 et
1273 3802 1390 3845 cum
1420 3790 1618 3847 ottone
1642 3794 1699 3847 in
1726 3791 1933 3848 ltaliam
1958 3793 2179 3848 venisse
2205 3792 2567 3867 arbitrantur-3
2592 3793 2693 3849 snt
2714 3789 2758 3842 θ*

568 3874 660 3942 qui
702 3878 820 3942 ejus
858 3871 1112 3944 generum
1154 3891 1282 3935 esse
1320 3877 1526 3936 volunt.
1597 3879 1707 3936 Sed
1744 3882 1803 3937 in
1844 3880 2001 3937 ltalia
2039 3881 2295 3938 ditionem
2334 3896 2490 3938 suam
2522 3887 2633 3953 jan
2660 3879 2760 3934 aate

567 3959 857 4019 adventum
911 3963 1124 4023 ottonis
1177 3969 1438 4039 tenuisse,
1489 3967 1579 4025 vel
1622 3968 1749 4027 binc
1789 3968 2021 4038 intelligi
2063 3973 2262 4040 potest.
2358 3969 2517 4027 Hanc
2560 3970 2755 4026 aaa·

568 4048 808 4106 samueli
851 4050 1214 4113 Guichenonio
1260 4057 1536 4128 debemus,
1583 4058 1675 4127 qui
1717 4059 1776 4113 in
1814 4056 2143 4115 bibliotheca
2180 4058 2486 4116 sebusiana
2527 4055 2755 4130 produxit,

569 4141 897 4211 annotatque
941 4157 1012 4199 ex
1049 4144 1271 4202 historia
1314 4143 1727 4202 Monferratensi
1768 4146 2101 4205 Benevenuti
2141 4163 2175 4205 a
2213 4147 2268 4204 S.
2311 4146 2587 4218 Gregorio,
2628 4154 2753 4216 qua!

569 4231 981 4300 manuscriptam
1019 4233 1169 4304 vidit,
1209 4234 1437 4291 eunden
1471 4233 1738 4291 abbana-
1765 4235 1833 4291 de
1860 4234 2129 4294 Grassano
2154 4238 2213 4293 in
2238 4235 2483 4293 dioecesi
2508 4227 2753 4292 casalensi

571 4315 844 4390 fundasse,
885 4318 1068 4387 ibique
1101 4334 1166 4376 se
1197 4320 1471 4379 Gnilielmi
1497 4326 1708 4380 comitis
1730 4323 1903 4383 filiun
1926 4325 2219 4397 appellare.
2288 4325 2462 4397 Addo,
2486 4322 2751 4380 unm
2794 4341 2800 4418 Ι

439 4447 454 4454 -
571 4406 756 4463 tenses
775 4406 899 4475 lege
915 4405 1094 4462 Salica
1110 4422 1257 4483 asos,
1277 4425 1419 4483 quae
1436 4414 1615 4471 omnia
1630 4413 1949 4475 saxonicam
1966 4415 2224 4488 originem
2244 4417 2504 4474 evertam.
2558 4411 2747 4468 um·-

651 4511 702 4562 ·)
741 4512 848 4556 data
872 4519 988 4557 em·-
1007 4512 1273 4561 m
1406 4518 1488 4571 00)
1527 4519 1751 4574 md-
1776 4531 1926 4577 qaeu·
