2817 4959
487 311 618 380 230
1058 308 1593 378 ANNALES
1668 306 2127 376 luminii

247 489 315 561 Α,
329 486 462 560 008,
488 488 665 543 morte
703 487 1076 554 commutasse,
1114 483 1436 542 Schtenlus
1475 480 1682 553 suadet,
1720 480 1864 555 quod
1898 480 1967 538 ab
2008 483 2197 537 autore
2220 482 2365 537 vitae
2389 482 2715 543 meinwerci

480 576 668 646 viginti
695 578 804 632 tres
832 586 1002 631 annos
1029 574 1086 629 in
1111 575 1429 644 episcopata
1455 573 1703 641 exegisse
1731 571 1950 628 dicatur.
2017 570 2295 627 Successit
2321 569 2712 648 Theodericus,

481 668 634 736 cuias
674 663 808 719 nibil
849 661 993 718 aliud
1027 663 1210 733 scitur,
1252 675 1411 733 quam
1452 661 1595 733 quod
1624 673 1819 717 novem
1848 662 2002 717 annis
2029 659 2190 729 sedIt,
2217 658 2483 731 prodente
2512 662 2712 720 eodem

479 757 685 811 autore.
756 750 881 806 biso
909 749 1044 807 obiit
1070 752 1120 806 5.
1149 748 1275 805 Idus
1303 750 1451 821 Sept.
1479 763 1550 806 ex
1575 750 1748 806 veteri
1772 748 2085 817 necrologio
2115 745 2427 804 nerisiensi.

623 841 708 897 10.
779 838 899 895 Huc
943 839 1103 895 etiam
1146 835 1433 894 referenda
1472 838 1645 894 videri
1692 841 1885 907 posset
1922 850 2065 893 mors
2106 836 2383 908 wicberti,
2425 848 2494 892 ex
2538 841 2714 911 stirpe

481 927 806 989 witikindea
832 927 1075 998 episcopi
1103 926 1409 999 verdensis,
1453 927 1523 982 de
1549 940 1655 997 quo
1683 925 1970 996 aliquoties
1998 923 2198 980 dictum
2224 929 2326 980 est.
2398 925 2713 997 Necrelogo

480 1019 625 1076 enim
665 1016 919 1074 Fuldensi
953 1015 1043 1072 bic
1081 1018 1381 1074 nominatur
1405 1014 1674 1071 wichs-abt
1699 1017 1986 1087 episcopus.
2059 1012 2169 1071 Sed
2196 1012 2375 1068 malim
2400 1012 2617 1071 referre
2643 1014 2714 1072 ad

482 1107 854 1176 cognominem
895 1104 1377 1176 Hildesemensem,
1431 1116 1555 1160 nam
1592 1103 1738 1159 idem
1778 1102 1915 1158 alios
1955 1100 2393 1157 Hildesemenses
2423 1102 2714 1173 praesules

480 1197 690 1267 priores
718 1195 1158 1267 posterioresque
1184 1194 1476 1249 annotavit.
1537 1191 1868 1249 wicbertum
1886 1189 2097 1247 interim
2114 1188 2405 1247 chronicon
2422 1190 2717 1250 Ver-dense

480 1299 514 1341 a
537 1284 696 1341 nobis
739 1283 936 1339 editum
983 1295 1050 1338 ex
1089 1284 1347 1352 progenie
1373 1280 1651 1338 witikindi
1684 1278 1954 1335 Saxonum
1994 1280 2146 1336 ducis
2187 1283 2360 1334 ortum
2397 1282 2571 1336 notat.
2645 1279 2717 1336 itt

480 1376 699 1445 praeter
736 1385 931 1426 nomen
954 1367 1231 1441 wicberti,
1258 1370 1617 1426 witikindeae
1644 1371 1792 1438 genti
1816 1371 2143 1440 usurpatum,
2183 1365 2346 1439 favet,
2374 1369 2519 1437 quod
2547 1382 2715 1426 omne

481 1474 638 1517 suum
669 1461 1059 1532 patrimonium,
1101 1460 1246 1530 quod
1271 1459 1328 1516 in
1354 1457 1639 1515 westfalia
1680 1456 1879 1528 babuit,
1919 1458 2186 1528 permissu
2224 1453 2427 1511 Arnnlfi
2467 1457 2618 1525 regis
2656 1459 2715 1514 in

480 1561 633 1605 suam
676 1549 964 1605 ecclesiam
1003 1547 1290 1619 transtulit,
1330 1545 1513 1603 addito
1540 1545 1696 1614 buius
1725 1544 2025 1616 privilegio,
2062 1558 2133 1600 ne
2161 1557 2266 1613 qua
2287 1543 2569 1613 judiciaria
2594 1559 2713 1615 po-

477 1639 649 1693 testas
689 1636 803 1691 illic
842 1639 1181 1693 exerceretur
1217 1649 1250 1692 a
1288 1638 1455 1706 regiis
1492 1633 1904 1704 magistratibus.
1973 1634 2163 1689 Actum
2199 1631 2509 1688 Forum
2547 1647 2603 1689 a.
2631 1633 2707 1693 D.

477 1722 644 1798 890...
681 1717 1056 1780 Patrimonium
1097 1726 1216 1793 ejus
1244 1724 1463 1781 tabulae
1502 1725 1687 1793 regiae
1727 1721 1997 1778 collocant
2031 1724 2089 1780 in
2124 1721 2261 1777 locis
2302 1719 2707 1790 wyeaeswald.

479 1799 716 1883 Ballha,
741 1811 1027 1884 Muchuris,
1056 1810 1369 1885 Gbevetum,
1395 1812 1747 1883 Heribrunno,
1772 1824 1996 1882 querum
2019 1811 2177 1865 situm
2199 1809 2321 1866 aliis
2345 1809 2709 1878 indagandum

479 1902 796 1957 transmitto.
869 1901 1018 1974 Idem
1047 1899 1335 1957 chronicon
1363 1900 1526 1973 addit,
1554 1913 1588 1957 a
1612 1915 1739 1970 rege
1767 1898 2037 1954 Ludovico
2066 1899 2389 1967 impetrasse
2429 1898 2713 1957 ecclesiae

479 1988 535 2045 S.
563 1989 781 2061 Mariae,
808 1988 863 2044 S.
894 1988 1166 2045 Caeciliae
1193 1993 1248 2046 et
1283 1988 1338 2045 S.
1367 1989 1586 2046 Fabiani
1624 1992 1681 2045 in
1707 1986 1882 2044 Verda
1912 1986 1980 2042 12
2006 2001 2224 2043 mansos
2250 1989 2306 2042 ia
2333 1985 2464 2042 villa
2492 1987 2710 2059 Walldt,

478 2077 538 2133 in
565 2079 818 2134 comitatu
844 2077 1074 2134 servatii
1100 2079 1233 2147 sita;
1262 2075 1471 2131 obiisse
1497 2078 1808 2147 episcopum
1836 2074 1888 2130 6.
1918 2074 2044 2130 Idus
2080 2073 2231 2144 Sept.
2299 2074 2592 2132 bernarius
2622 2076 2709 2145 (id

482 2168 572 2221 est
618 2165 939 2233 wernerus)
980 2166 1032 2221 ei
1073 2166 1354 2220 successit.
1439 2161 1606 2219 Filius
1649 2162 1750 2219 ruit
1791 2165 2175 2233 primogenitus
2211 2162 2493 2235 walberti,
2534 2177 2709 2235 nepos

479 2252 739 2311 wicberti
781 2245 1073 2309 witikindo
1117 2251 1311 2321 Magno
1354 2253 1485 2308 nati.
1582 2251 1630 2307 A
1668 2255 1823 2322 patre
1869 2252 2025 2308 datus
2070 2253 2126 2307 in
2169 2251 2441 2308 ecclesiae
2487 2257 2709 2324 sortem,

480 2339 891 2397 wildeshusano
933 2342 1217 2395 conventui
1249 2344 1515 2413 patenae
1554 2337 1883 2396 fundationis
1911 2338 2158 2412 praefuit,
2200 2340 2538 2411 capellanum
2566 2339 2710 2411 apud

478 2425 802 2483 Ludovicum
823 2426 1192 2483 Germanicum
1216 2430 1342 2498 egit,
1369 2429 1739 2500 episcopatum
1754 2428 2086 2486 verdensem
2105 2442 2136 2484 a
2153 2441 2281 2497 rege
2301 2430 2513 2499 accepit
2532 2444 2599 2485 ac
2616 2428 2710 2484 diu

480 2515 633 2572 rexit.
706 2513 995 2572 videantur
1034 2531 1173 2587 quae
1213 2516 1281 2573 de
1309 2514 1690 2573 wildeshusae
1725 2516 2035 2575 fundatione
2064 2518 2290 2573 diximus
2319 2518 2386 2574 ad
2414 2531 2461 2573 a.
2489 2516 2553 2573 D.
2580 2519 2709 2575 871.

623 2603 709 2660 11.
780 2603 1038 2660 liudolfus
1080 2606 1241 2661 etiam
1279 2604 1733 2676 wirziburgensis
1773 2605 2007 2677 praesul,
2050 2607 2220 2677 prima
2260 2605 2350 2661 fax
2394 2605 2526 2663 belli
2565 2610 2711 2663 inter

484 2689 680 2747 fratres
721 2706 850 2748 suos
891 2698 948 2748 et
982 2693 1344 2767 Adalbertum,
1370 2694 1563 2751 eodem
1590 2694 1844 2752 Fuldensi
1870 2693 2183 2764 necrologio
2210 2700 2370 2768 teste,
2397 2697 2559 2753 vitam
2586 2708 2708 2753 cum

484 2784 655 2837 morte
691 2784 1048 2839 commutavit.

1152 2907 1378 2976 ANNO
1426 2907 1743 2976 CHRISTI
1784 2907 2024 2981 0⁰9·

482 3041 657 3101 vagari
685 3046 732 3089 in
750 3046 1080 3092 Allemanniam
1105 3048 1302 3092 irruunt.
1329 3069 1382 3081 —
1408 3047 1585 3104 synodi
1612 3048 2165 3105 TrosleJanaewontenta.
2217 3048 2349 3094 Unde
2375 3051 2523 3095 status
2551 3050 2708 3095 eecle-

562 3117 664 3161 siae
689 3118 826 3172 hujus
855 3118 1075 3171 temporis
1098 3121 1243 3173 patet.
1283 3140 1328 3152 -
1377 3118 1525 3164 Error
1551 3121 1826 3176 scriptorum
1852 3120 1910 3163 de
1934 3119 2199 3174 Luitgarde,
2240 3119 2424 3165 ottonis
2467 3120 2703 3167 saxoniae

566 3186 697 3230 ducis
715 3197 889 3240 sorore,
902 3187 1132 3231 Ludovieo
1150 3185 1326 3233 Arnuifi
1345 3188 1442 3234 filie
1461 3191 1512 3235 in
1530 3192 1863 3236 matrimonium
1890 3190 2010 3234 data.
2037 3210 2090 3221 -
2120 3190 2316 3235 Donatio
2334 3191 2557 3236 Ludoviel
2578 3194 2705 3248 regis

562 3257 623 3300 ad
643 3256 1016 3311 leburgensem
1057 3259 1315 3304 ecclesiam.
1381 3260 1847 3308 Baiberstadensibus
1873 3261 2023 3303 libera
2050 3259 2369 3315 episcoporum
2397 3263 2567 3307 electio
2596 3274 2704 3309 con-

564 3337 713 3371 cessa.

239 3394 459 3465 ssm.
629 3397 679 3452 1.
749 3396 1073 3466 Ungarorum
1111 3401 1257 3456 tanta
1289 3404 1400 3469 jam
1441 3403 1684 3472 potentia
1722 3403 1848 3469 erat,
1889 3401 2067 3455 tantus
2096 3402 2150 3454 in
2178 3401 2386 3456 vicinos
2413 3404 2611 3477 terror,
2650 3407 2707 3460 ut

489 3482 726 3541 Graecos
747 3487 905 3541 etiam
923 3486 991 3541 ad
1009 3487 1349 3556 pendendum
1385 3488 1633 3545 tributum
1660 3488 1909 3557 adegisse
1938 3487 2249 3544 scribantur.
2322 3487 2491 3545 Iidem
2519 3495 2704 3563 pronis

486 3572 829 3630 successibus
855 3575 957 3646 usi,
998 3573 1288 3632 Germanos
1315 3579 1580 3647 respirare
1605 3590 1717 3635 non
1742 3577 2007 3634 sinebant.
2079 3577 2269 3646 Magna
2298 3591 2484 3633 eorum
2513 3593 2703 3637 manus

484 3661 542 3716 in
568 3662 957 3719 Allcmanniam
981 3665 1100 3720 sive
1128 3664 1376 3721 sueviam
1391 3667 1607 3737 irrupit,
1637 3679 1756 3722 curn
1783 3666 1917 3723 alibi
1942 3668 2249 3724 vastitatem
2276 3663 2555 3724 fecissent.
2601 3669 2702 3724 Per

482 3749 757 3807 Bavariam
794 3754 1109 3808 transmisso
1145 3751 1285 3823 Lyco
1320 3756 1540 3810 venisse
1576 3754 1870 3811 verisimile
1899 3761 2014 3828 est3
2051 3756 2266 3813 flumina
2290 3755 2400 3811 illis
2427 3756 2702 3828 pleraque,

484 3841 545 3894 ut
582 3838 744 3895 bodie
783 3839 1034 3909 Tartaris,
1074 3843 1258 3912 pervia
1297 3844 1463 3913 erant,
1501 3846 1737 3900 assuetis
1772 3846 1903 3900 viris
1932 3848 2199 3916 equisque
2226 3845 2293 3903 ad
2319 3844 2481 3900 nandi
2520 3840 2703 3900 facili-

483 3927 667 3982 tatem.
742 3928 941 3985 Incolis
979 3932 1034 3985 in
1063 3931 1181 3988 avia
1222 3932 1314 3985 aut
1352 3932 1555 3989 munita
1598 3932 1720 3989 loca
1765 3933 2213 4005 confugientibus,
2261 3932 2475 4004 oppida,
2521 3931 2701 4006 villae,

484 4015 806 4071 monasteria
859 4022 916 4073 et
971 4017 1218 4090 quicquid
1259 4016 1500 4076 locorum
1540 4026 1782 4094 apertum
1823 4028 1955 4096 erat,
1995 4025 2227 4094 injectus
2266 4021 2333 4078 ab
2371 4021 2526 4077 hoste
2563 4023 2702 4092 ignis

483 4099 676 4174 bausit,
719 4109 1087 4178 corruptaque,
1128 4118 1266 4178 quae
1300 4106 1499 4165 auferri
1522 4123 1633 4165 non
1660 4115 1899 4182 possent.
1971 4111 2115 4167 Loca
2141 4109 2443 4181 singulatim
2469 4123 2578 4167 non
2597 4124 2704 4167 ao-

481 4193 763 4263 minantur,
794 4193 1229 4268 crediderimque,
1258 4195 1426 4266 magis
1450 4197 1710 4270 discursu,
1738 4211 1893 4269 quam
1912 4211 2058 4255 mora
2075 4202 2326 4256 nocuisse
2348 4198 2572 4271 hostem,
2597 4209 2704 4256 nec

484 4280 800 4338 obsidiones
827 4271 1084 4355 tentasse,
1111 4284 1209 4341 sed
1238 4283 1399 4343 obvia
1424 4288 1625 4358 praeda
1652 4292 1955 4345 contentum
1982 4288 2172 4347 fuisse.
2234 4288 2565 4344 Tartarorum
2582 4303 2704 4345 mos

483 4365 646 4426 bodie
675 4373 776 4440 est,
804 4371 862 4423 ut
887 4366 1157 4428 fluminum
1185 4372 1347 4430 ductu
1374 4376 1754 4447 ascendentes,
1780 4373 1996 4446 globum
2022 4378 2078 4433 in
2107 4378 2341 4435 minores
2369 4390 2554 4434 amnes
2581 4392 2703 4435 ma-

477 4455 689 4518 ioribus
716 4456 1019 4529 influentes,
1053 4470 1119 4515 ac
1145 4460 1377 4533 denique
1403 4467 1463 4526 tn
1487 4469 1636 4526 rivos
1661 4466 1967 4540 partiantur.
2040 4466 2122 4523 lta
2148 4469 2240 4524 vix
2267 4467 2551 4538 quicquam
2579 4466 2702 4540 pla-
