2817 4959
659 379 1192 450 ANNALES
1261 381 1723 450 IMPERII
2172 386 2296 451 245

187 556 289 612 18.
368 553 560 610 Franci
576 552 855 626 hactenus,
883 568 1105 625 quorum
1129 556 1183 611 in
1201 557 1323 625 jura
1345 555 1732 628 libertatesque
1759 559 1961 615 caeteri
1981 556 2294 615 Germaniae
2320 559 2386 629 A,
2414 559 2540 631 911,

41 645 236 717 populi
275 647 566 714 venerant,
606 641 881 711 eligebant
914 656 1087 715 reges,
1130 644 1347 717 sedita,
1391 648 1450 700 ut
1477 646 1651 703 eidem
1681 646 1835 716 stirpi
1861 644 2158 703 haererent.
2231 646 2300 702 Et

41 734 143 789 boc
165 732 302 803 fnit,
332 732 482 802 quod
502 731 663 786 Fulco
684 731 750 786 ad
769 729 1040 786 Arnuirum
1063 745 1244 801 regem
1268 735 1499 805 scripsit,
1528 749 1648 789 cum
1667 733 1845 790 Caroli
1873 747 2086 789 causam
2116 738 2300 793 centra

47 822 306 880 udonem
337 818 776 887 commendabat3
821 833 1120 890 quanquam
1154 821 1405 890 gradibus
1438 828 1528 878 aut
1552 825 1719 878 aetati
1744 836 1853 879 non
1881 823 2301 890 astringerentur

47 909 260 982 populi,
291 910 452 980 quod
468 911 642 966 etiam.
653 923 721 965 ex
738 907 915 978 Magni
935 906 1115 964 Caroli
1137 909 1492 979 dispositione
1513 911 1741 982 intelligi
1769 914 1965 982 potest,
1995 925 2100 981 qua
2126 912 2302 981 impe-

47 1003 184 1056 rium
224 1002 389 1056 inter
429 996 574 1052 tilios
614 997 815 1054 divisit.
890 996 1077 1067 ltaque
1118 1000 1443 1058 succedendi
1472 999 1812 1070 eligendique
1836 1004 1958 1069 jura
1986 1003 2304 1069 contempe-

51 1088 354 1144 rabantdr..
413 1085 567 1141 Nunc
604 1100 749 1142 vero.
778 1084 1002 1155 abrupta
1040 1084 1294 1142 Ludovici
1343 1087 1640 1145 Germanici
1687 1089 1849 1159 linea,
1897 1086 2154 1145 credibile
2201 1090 2303 1159 est,

55 1176 244 1248 fuisse,
276 1176 382 1245 qui
409 1173 479 1229 ad
505 1174 810 1246 prosapiam
829 1171 1010 1229 Caroli
1037 1172 1217 1230 fratris
1244 1176 1405 1247 vulgo
1435 1176 1589 1234 Calvi
1614 1178 1962 1248 respicerent,
1990 1175 2132 1232 unde
2152 1173 2303 1231 solus

58 1265 316 1322 inGallia
335 1262 566 1319 Carolus
588 1266 886 1333 supererat,
913 1261 1184 1332 Simplicis
1209 1269 1424 1322 nomine
1448 1272 1639 1325 notus:
1671 1269 1822 1336 cujus
1853 1267 1901 1321 si
1931 1277 2090 1335 pares
2119 1265 2304 1333 generi
2390 1324 2399 1334 ,

61 1358 404 1424 (quanquam
425 1352 788 1408 controversis
806 1348 1108 1420 natalibus)
1132 1355 1357 1410 virtutes
1376 1352 1624 1428 fuissent,
1643 1353 1825 1411 Caroli
1845 1354 2024 1411 Crassi
2052 1347 2301 1422 exemplo

67 1445 228 1496 totam
263 1440 599 1496 Francorum
639 1439 932 1510 potentiam
973 1438 1135 1496 facile
1179 1442 1572 1510 recollegisset.
1664 1444 1778 1500 Nec
1821 1443 1940 1514 ipse
1989 1440 2097 1497 sibi
2136 1442 2301 1511 plane

72 1528 263 1600 defnit;
291 1528 397 1584 sed
428 1529 572 1583 dorni
598 1528 846 1598 precario
873 1528 1149 1598 regnabat,
1191 1533 1247 1586 et
1274 1528 1454 1588 alieno
1484 1530 1704 1587 arbitrio
1732 1529 2004 1600 agebatur.
2077 1529 2305 1600 Semper

73 1623 245 1674 autem
270 1617 406 1671 inde
444 1615 825 1686 aMerovingis
851 1619 991 1672 inter
1019 1618 1314 1674 orientales
1344 1619 1824 1690 occidentalesque
1845 1618 2080 1674 Francos
2110 1616 2303 1674 simul-

75 1710 212 1763 tates
251 1703 575 1776 gliscebant,
615 1707 674 1760 ut
714 1705 871 1760 alteri
904 1703 972 1759 ab
1018 1705 1202 1760 alteris
1246 1719 1404 1775 aegre
1448 1712 1787 1777 regerentur;
1828 1710 2149 1778 auctumque
2190 1708 2309 1764 erat

78 1793 350 1850 divortium
380 1793 537 1863 lapsu
564 1790 883 1864 senmurum,
913 1807 1033 1849 cum
1063 1793 1424 1850 occidentales
1443 1799 1554 1864 jam
1574 1795 1692 1854 l'ere
1708 1798 1764 1851 in
1783 1793 2054 1851 Gallorum
2072 1794 2307 1863 linguam

75 1895 365 1952 moresque
401 1883 757 1937 transiissent.
813 1878 1004 1952 ltaque
1029 1879 1190 1937 Hatto
1219 1886 1276 1937 et
1303 1870 1644 1940 Salomonet
1671 1881 1946 1940 Conradus
1974 1881 2114 1937 haud
2143 1894 2305 1950 aegre

80 1968 344 2043 Carolum,
371 1969 712 2040 longinquum
741 1971 797 2025 et
823 1983 856 2023 a
883 1970 997 2024 suis
1022 1971 1183 2024 etiam
1208 1973 1461 2041 spretum,
1491 1971 1790 2028 exclusere.
1853 1969 2076 2039 Iamque
2107 1982 2174 2025 eo
2215 1982 2306 2026 res

77 2058 288 2116 redisse
323 2057 620 2129 videbatur,
652 2059 712 2112 ut
739 2071 808 2113 ex
836 2053 1154 2113 Germaniae
1178 2056 1495 2126 procerilms
1524 2058 1864 2128 deligeretur,
1905 2058 1999 2126 qui
2033 2059 2307 2129 sceptrum

210 2236 298 2293 19.
369 2234 662 2302 Plerosque
691 2235 747 2289 in
775 2229 1026 2287 ottonem
1052 2230 1322 2288 saxonem
1358 2232 1669 2305 inclinasse,
1709 2233 2049 2307 witikindus,
2088 2237 2309 2293 nostrae

77 2323 335 2394 Gorbejae
363 2321 674 2393 monachus,
704 2317 922 2385 scribit;
955 2319 1053 2376 sed
1084 2319 1405 2377 Ottonianae
1434 2320 1672 2378 familiae
1702 2320 1984 2380 obnoxius.
2034 2322 2188 2380 Hunc
2215 2322 2310 2380 alii

78 2415 240 2469 secuti
282 2414 442 2483 sunt;
481 2411 582 2466 sed
620 2409 839 2480 vellem,
882 2406 947 2466 ab
978 2409 1317 2480 aequalibus,
1356 2422 1536 2479 neque
1564 2410 1812 2480 addictis,
1851 2410 2310 2469 confirmationem

77 2500 412 2558 haberemus.
485 2498 738 2554 Fortasse
779 2497 1072 2569 Conradus,
1113 2498 1347 2568 prudens
1391 2502 1447 2554 et
1488 2501 1678 2554 artium
1713 2500 1970 2568 regnandi
1998 2513 2209 2571 gnarus,
2249 2500 2310 2555 ut

80 2591 441 2648 moderatione
460 2590 581 2658 ipsa
599 2587 838 2658 captaret
856 2585 1062 2640 animos
1082 2589 1214 2641 satis
1237 2589 1352 2654 jam
1378 2585 1681 2656 inclinatos,
1709 2598 1839 2656 prae
1866 2601 1929 2641 se
1959 2588 2094 2658 tulit,
2125 2585 2310 2642 Ottoni

81 2678 225 2736 malle
283 2677 490 2734 deferri
541 2690 776 2746 reguum,
821 2677 1074 2744 tanquam
1120 2677 1298 2730 aetate
1341 2676 1396 2728 et
1436 2673 1707 2744 sapientia
1744 2676 1973 2743 potiori.;
2024 2688 2149 2729 nam
2189 2673 2309 2731 fere

82 2767 289 2824 ambitio
329 2765 600 2822 modestia
638 2763 808 2820 velari
847 2764 1005 2833 solet,
1051 2766 1106 2816 et
1155 2761 1407 2816 decorum
1450 2764 1535 2816 est
1580 2759 1647 2816 ad
1674 2761 2041 2830 imperandum
2069 2764 2206 2831 cogi,
2250 2762 2312 2817 ut

83 2857 234 2912 semel
267 2855 569 2911 obsecutus
596 2853 858 2923 videatur,
888 2851 974 2905 cui
1003 2864 1217 2920 semper
1244 2849 1541 2906 obediatur.
1593 2847 1823 2902 Securus
1851 2847 2156 2916 praesulum
2183 2847 2310 2919 plc-

83 2957 358 3016 rerumque
403 2948 460 3000 et
498 2942 782 2997 multorum
819 2952 1118 3012 procerum,
1177 2940 1463 3007 certusque
1503 2934 1771 3005 ottonem,
1799 2936 2141 2992 remotiorem
2169 2934 2308 2992 locis

81 3035 132 3088 et
153 3034 413 3089 subactae
441 3032 769 3088 novissimae
796 3030 972 3098 gentis
1001 3027 1311 3097 principem,
1338 3024 1480 3082 baud
1510 3024 1671 3081 facile
1698 3024 1948 3093 suffragia
1976 3026 2309 3080 caeterorum

83 3122 390 3192 populorum
428 3119 748 3190 habiturum,
785 3119 897 3174 tuto
940 3120 996 3172 et
1036 3114 1239 3170 utiliter
1276 3114 1445 3178 alium
1468 3112 1887 3170 commendabat.
1960 3112 2070 3169 Sed
2098 3117 2154 3169 et
2183 3111 2308 3168 Otto

87 3224 253 3267 secum
294 3209 565 3279 habitam,
605 3205 943 3274 intelligebat
981 3208 1140 3275 artes,
1187 3206 1244 3258 et
1284 3201 1633 3259 officiositate
1672 3200 1927 3274 certabat,
1979 3207 2032 3259 et
2073 3201 2311 3274 volebat,

89 3275 211 3367 qdod
253 3297 460 3353 trustra
495 3293 685 3351 nollet.
756 3293 838 3350 lta
880 3291 1155 3358 Conradus
1200 3292 1558 3349 elevationem
1600 3306 1750 3349 suam
1778 3289 2008 3347 libenter
2032 3292 2312 3360 imputavit

88 3387 208 3457 apud
233 3387 433 3455 vulgus
461 3382 708 3440 honorati
736 3383 992 3454 principis
1014 3381 1234 3452 judicio,
1264 3380 1406 3450 quod
1434 3387 1638 3437 rectum
1667 3385 1722 3436 et
1761 3384 2121 3450 incorruptum
2139 3377 2312 3435 habe·-

89 3472 256 3543 batur3
287 3487 431 3546 qnae
460 3474 565 3530 etsi
592 3472 813 3527 scenica
839 3469 1119 3526 videantur
1138 3472 1331 3541 omnia,
1359 3475 1554 3541 postea
1572 3474 1766 3540 tamen,
1795 3482 1913 3523 cum
1932 3466 2144 3537 planior
2161 3471 2312 3534 esset

90 3564 282 3620 reddita
298 3563 502 3618 Saxoui
526 3559 593 3615 ad
615 3574 835 3629 regnum
861 3560 965 3629 via,
993 3559 1411 3628 ilenricoqnasi
1440 3574 1565 3615 vera
1592 3557 1860 3628 profuere,
1889 3560 2137 3626 tanquam
2158 3557 2311 3636 pater

89 3648 268 3709 fuisset
285 3653 479 3722 dignus
497 3652 723 3720 imperio
740 3647 971 3718 babitus„
1000 3648 1161 3717 quod.
1180 3652 1519 3715 recusasset3
1552 3646 1637 3700 cui
1658 3647 1816 3700 etiam
1832 3645 2007 3700 vicem
2038 3641 2312 3698 Conradus

93 3740 137 3795 h
159 3738 268 3796 filio
297 3743 495 3811 sponte
519 3737 871 3803 reddidisset3
901 3736 1046 3805 quod
1065 3740 1396 3806 exposcente
1424 3737 1503 3790 rei
1532 3733 1782 3806 publicae
1809 3734 2137 3790 necessitate
2164 3729 2309 3786 fecit.

195 3829 280 3884 2⁰.
357 3826 520 3884 Porro
547 3841 656 3883 non
681 3825 914 3881 Francos
943 3825 1146 3880 tanturn
1175 3830 1229 3880 et
1257 3824 1517 3895 Saxones,
1562 3822 1705 3892 quod
1733 3837 1802 3879 ex
1829 3818 2120 3877 witikindo
2159 3818 2314 3874 aliis-

95 3928 182 3984 que
209 3920 444 3987 constat,
472 3918 572 3973 sed
603 3917 763 3971 etiam
790 3912 1137 3969 Allemannos
1167 3915 1222 3968 et
1250 3913 1545 3983 Bajoarios,
1573 3926 1756 3981 regem
1782 3923 1978 3967 novum
2007 3911 2311 3979 agnovisse,

93 4017 181 4060 nes
217 4006 466 4062 dubitare
503 4019 613 4060 non
654 4004 836 4059 sinunt
879 4005 988 4056 tum
1029 4002 1338 4057 testimonia
1379 4005 1966 4072 contemporaneorum,
2009 3997 2099 4066 qui
2130 3995 2313 4052 turbas

96 4091 321 4150 abactas
365 4096 422 4150 in
463 4095 759 4162 sequentes
802 4103 970 4146 annos
1001 4104 1111 4146 une
1139 4104 1409 4145 consensu
1434 4091 1755 4158 conjiciunt;
1795 4091 1903 4143 tum
1932 4100 2061 4143 vero
2093 4083 2316 4157 pacifica

95 4184 223 4251 regis
257 4184 503 4254 receptio
530 4180 672 4252 apud
699 4179 1066 4250 Aliemannos‚
1105 4178 1173 4235 de
1202 4191 1306 4248 qua
1334 4176 1515 4233 multis
1544 4175 1887 4246 Ekkebardus
1916 4173 2315 4242 sangallensis3

95 4275 146 4323 et
165 4269 402 4341 I’iligrini
430 4269 824 4340 archiepiscopi
865 4266 1227 4336 Bajoariorum
1271 4267 1609 4322 continuatus
1645 4264 1783 4337 apud
1809 4263 2108 4320 Conradum
2138 4258 2318 4315 archi-

5 4397 6 4400 *
97 4360 509 4431 cancellariatus,
552 4363 610 4415 ut
636 4373 704 4414 ex
733 4357 879 4412 binis
903 4355 1283 4427 diplomatibus
1312 4355 1437 4410 anni
1465 4355 1742 4424 sequentis
1770 4351 2064 4424 apparebit,
2092 4360 2315 4418 quorum

5 4445 8 4508 Ϊ
99 4445 307 4505 alterurn
329 4463 398 4504 ex
417 4450 673 4505 Browero
686 4450 797 4517 jam
815 4445 1146 4502 adduximus,
1184 4442 1292 4499 Sed
1312 4442 1408 4499 ille
1428 4439 1772 4500 festinatione
1791 4440 1992 4513 lapsus,
2011 4435 2317 4506 Piligrinum

5 4563 6 4596 ι
105 4529 468 4596 Coloniensem
511 4536 685 4594 fuisse
723 4536 942 4610 putavit.
1016 4532 1369 4607 Luitprandus
1410 4544 1541 4605 ergo
1580 4545 1763 4603 regem
1802 4544 1839 4585 a
1869 4525 2076 4585 cunctis
2103 4523 2318 4596 populis
