2817 4959
453 295 540 360 u
988 287 1525 359 ANNALES
1597 286 2058 356 IMPERII

208 457 275 528 Α.
290 457 431 529 8⁹7⁷.
451 464 777 527 nomnen
811 468 870 524 et
895 464 1414 537 praedestination03
1440 462 1537 521 ille
1564 465 1725 521 etiam
1751 476 1918 534 opera
1941 458 2405 535 pseudepigrapha
2428 459 2749 535 Dionysii

447 557 810 630 Areopagitae
831 556 889 611 in
914 554 1157 612 Latinum
1185 552 1472 611 metunt.
1542 552 1860 609 Anastasius
1886 549 2323 607 bibliothecarius
2357 553 2469 620 jam
2495 552 2747 624 impo-

445 646 618 704 ratori
633 658 848 701 versam
873 657 906 699 a
932 656 997 700 se
1021 645 1185 700 vitam
1209 642 1456 714 Dionysii
1482 642 1842 712 Areopagitae
1880 641 2041 711 misit,
2084 653 2118 694 a
2140 638 2413 696 Methodio
2442 642 2738 712 quoda-a

447 733 657 792 Graece
682 734 959 803 scriptam
996 730 1185 801 illone,
1226 733 1318 802 qui
1352 730 1634 787 Siavorum
1673 728 1952 801 apostolus
1977 725 2241 784 liabetur?
2281 742 2405 785 nam
2432 733 2738 804 apparet,

445 835 642 881 recens
670 821 842 880 fuisse
867 820 1198 892 opusculum,
1239 819 1381 889 quod
1417 831 1506 874 res
1533 816 1600 874 ab
1630 816 1881 873 Hilduino
1907 815 2108 872 Franco
2137 817 2508 888 suppeditatas
2537 832 2731 875 con-

446 914 659 970 theret-
726 907 1029 967 bietbodius
1064 911 1215 970 vitae
1253 911 1408 965 autor
1432 920 1467 963 a
1492 905 1797 962 Frodoardo
1826 903 2449 977 constantinopolitanus
2475 907 2730 979 appel-

443 999 600 1072 latur,
628 1000 768 1070 quod
784 1010 897 1056 non
912 1000 1188 1069 repugnat.
1260 994 1513 1052 tierricus
1532 993 1823 1051 monachus
1840 994 2348 1066 Autissiodorensis,
2375 995 2467 1065 qui
2485 994 2718 1069 libres,

444 1088 517 1146 de
538 1090 650 1146 vita
676 1086 1056 1156 miraculisque
1079 1085 1134 1142 S.
1162 1082 1414 1142 Germani
1459 1084 1694 1140 carmine
1738 1085 1989 1154 scriptos,
2034 1082 2163 1139 huic
2199 1083 2427 1155 principi
2474 1084 2715 1157 adepto

443 1179 671 1249 hperto
695 1175 1039 1246 nuncupavit,
1080 1186 1192 1229 non
1217 1175 1350 1229 satis
1386 1175 1508 1243 ejus
1545 1173 1775 1228 studium
1813 1171 2224 1242 reparandarum
2261 1171 2540 1229 literarum
2587 1173 2716 1231 de-

442 1267 760 1338 praedicare
796 1267 995 1335 potest.
1064 1261 1338 1320 Salomoni
1368 1263 1437 1318 ‘et
1471 1265 1590 1332 ipse
1628 1264 1917 1330 comparat,
1944 1260 2011 1317 ad
2041 1274 2200 1331 quem
2228 1261 2563 1318 conveniant
2594 1277 2710 1320 sa·-

442 1355 675 1427 pientes.
745 1349 1011 1409 Hibernos
1038 1348 1277 1422 affluere,
1304 1345 1544 1406 Graecos
1589 1348 1760 1417 allici3
1803 1348 1989 1406 dolere
2029 1348 2308 1407 Graeciam
2345 1352 2462 1406 suis
2510 1365 2714 1409 orna-

442 1446 640 1500 mentis
686 1441 1004 1514 spoliatam3
1045 1439 1303 1512 palatium
1343 1442 1463 1509 ejus
1500 1451 1596 1510 pro
1643 1436 1829 1494 schola
1855 1451 2001 1495 esse.
2072 1437 2326 1494 Milonem
2353 1439 2705 1498 monachum

442 1531 501 1588 S.
527 1530 754 1587 Amandi
780 1528 1091 1598 Sigebertus
1118 1524 1286 1584 refert
1310 1531 1481 1582 metro
1509 1526 1576 1582 ad
1606 1540 1728 1582 eum
1756 1529 2043 1597 scripsisse
2061 1526 2130 1582 de
2148 1526 2461 1585 sobrietate.
2523 1529 2706 1586 Idem

442 1619 607 1691 addit,
653 1617 953 1674 Hubaldum
988 1631 1057 1674 ex
1106 1616 1298 1672 eodem
1342 1615 1673 1671 monasterio
1724 1619 1996 1671 trecentos
2037 1616 2091 1671 ei
2133 1629 2324 1672 versus
2369 1618 2601 1673 misisse
2632 1619 2699 1675 in

438 1707 654 1767 laudem
679 1705 979 1763 calvorum.
1051 1704 1135 1761 Ibi
1160 1701 1424 1761 vocabula
1450 1705 1628 1760 omnia
1668 1701 1878 1760 literam
1919 1702 1961 1759 G
1998 1703 2261 1761 initialem
2303 1703 2521 1761 babent.
2601 1705 2699 1763 Ex

444 1811 552 1868 qno
592 1795 956 1866 intelligimus,
1000 1792 1154 1850 Calvi
1194 1806 1496 1861 cognomen
1533 1794 1650 1860 jam
1685 1795 1794 1849 tum
1839 1793 1977 1863 apud
2013 1791 2206 1863 vulgus
2252 1792 2462 1866 tulisse,
2489 1807 2692 1866 neque

442 1890 783 1956 aspernatam
811 1896 958 1940 esse.
1026 1880 1310 1938 Caeterum
1335 1882 1557 1938 vanitati
1583 1880 1899 1954 plerumque
1939 1896 2074 1939 suae
2098 1881 2287 1953 litavit,
2328 1881 2694 1939 consiliorum

440 1976 589 2031 exitu
632 1973 928 2043 liberisque
974 1968 1181 2027 infelix.
1252 1969 1591 2026 Novissimus
1628 1969 1888 2026 hactenus
1924 1982 2109 2040 regum
2149 1968 2358 2027 Galliae
2399 1970 2687 2027 Romanus

439 2064 746 2134 imperator,
774 2061 873 2117 sed
900 2061 991 2129 qui
1018 2058 1086 2116 ab
1112 2059 1325 2129 imperii
1349 2058 1557 2116 bonore
1581 2057 1731 2130 nibil,
1776 2059 1883 2114 uisi
1923 2058 2133 2115 titulum
2178 2059 2414 2131 sepulcri
2448 2058 2686 2127 babuit3

441 2150 835 2207 electationem
866 2150 983 2217 ejus
1010 2151 1183 2203 morte
1208 2146 1323 2202 luit.
1393 2145 1477 2202 Ex
1505 2159 1573 2202 eo
1599 2147 1880 2217 imperium
1899 2146 1966 2202 ad
1994 2146 2292 2221 Baioarios,
2318 2148 2376 2205 id
2415 2152 2501 2204 est
2531 2147 2686 2205 Ger-

442 2251 647 2310 manos,
674 2237 1010 2307 pervenisse,
1056 2238 1209 2292 autor
1230 2238 1381 2291 vitae
1406 2233 1463 2291 S.
1492 2232 1699 2291 Genalii
1728 2236 1961 2306 scripsit.
2032 2235 2101 2292 Et
2125 2240 2310 2293 notatu
2340 2238 2558 2307 dignum
2591 2240 2686 2293 est

441 2328 500 2383 in
526 2325 811 2382 Germania
850 2324 1082 2395 antiquis
1118 2337 1186 2379 ac
1222 2324 1304 2379 rei
1337 2323 1532 2379 vicinis
1572 2324 1901 2397 temporibus
1941 2338 2064 2380 eum
2111 2324 2518 2396 imperatoribus
2561 2339 2679 2383 non

442 2417 821 2485 computatum,
849 2413 948 2469 sed
972 2410 1220 2469 carolum
1244 2412 1369 2483 (qui
1381 2410 1544 2482 vulgo
1565 2412 1823 2484 Crassus)
1840 2416 1896 2469 iu
1918 2412 2117 2471 tabulis
2140 2414 2434 2471 secundum
2452 2413 2678 2486 dictum,

438 2506 499 2559 ut
524 2503 729 2573 inipso
757 2501 1118 2558 ostendemus.

584 2590 669 2649 29.
740 2590 937 2646 Filium
954 2589 1171 2660 reliquit
1199 2587 1397 2646 Calvus
1424 2603 1534 2646 nou
1561 2590 1781 2648 Balbum
1810 2594 2028 2664 tantum,
2055 2591 2152 2647 sed
2181 2595 2239 2649 et
2263 2593 2478 2648 caetera
2502 2590 2678 2652 illau-

442 2679 638 2735 datum.
710 2678 971 2750 majorem
996 2683 1125 2735 natu
1153 2677 1380 2736 adverso
1423 2693 1553 2736 casu
1591 2682 1795 2748 amisit;
1833 2680 1967 2737 duos
2007 2680 2248 2753 reliquos
2286 2681 2354 2736 ad
2395 2679 2676 2737 ecclesia-

441 2771 578 2825 stica
620 2769 801 2824 munia
844 2768 1140 2838 damnavit3
1186 2767 1343 2824 alteri
1368 2768 1557 2824 borum
1584 2782 1784 2825 saevus
1807 2772 1963 2841 pater
1984 2768 2173 2825 oculos
2199 2770 2354 2826 eruit.
2423 2769 2505 2825 Ita
2539 2769 2671 2824 dum

346 2873 349 2880 ·
439 2856 858 2926 magnitudinem
900 2854 998 2911 filii
1041 2858 1199 2912 unius
1244 2858 1467 2930 quaerit,
1505 2855 1758 2913 familiam
1785 2858 2149 2930 pessundedit.
2222 2856 2292 2914 Et
2314 2859 2370 2913 in
2399 2856 2669 2913 cumulum

439 2943 729 3017 infortunii,
758 2957 893 3015 quos
921 2948 1043 3016 ipse
1070 2945 1280 3014 extulit,
1307 2950 1399 3002 aut
1427 2945 1493 3000 ab
1517 2945 1601 3001 bis
1628 2948 1811 3019 geniti,
1839 2949 2188 3004 instrumenta
2214 2947 2472 3017 perniciei
2490 2945 2664 3002 fuere.

436 3033 573 3091 Nam
608 3033 775 3090 frater
807 3035 1006 3103 uxoris,
1035 3037 1091 3089 et
1113 3031 1276 3089 fratre
1301 3036 1486 3089 matris
1510 3035 1640 3106 nati,
1681 3049 1800 3092 cum
1827 3039 1941 3092 suis
1988 3040 2161 3092 sumto
2201 3035 2517 3106 diademate,
2554 3035 2664 3091 ali-

439 3120 692 3194 quamdiu
725 3123 782 3176 in
809 3120 1085 3176 Provincia
1125 3125 1183 3176 et
1209 3120 1509 3189 Burgundia
1536 3126 1841 3190 regnarunt.
1911 3123 2131 3180 Roberti
2157 3123 2330 3181 Fortis
2355 3123 2512 3181 liberi
2538 3137 2655 3178 cum

436 3215 641 3282 nepote
668 3210 868 3265 domini
895 3208 962 3264 de
989 3221 1156 3277 reguo
1182 3207 1503 3266 Francorum
1532 3215 1827 3284 certarunt3
1865 3212 2013 3268 illius
2039 3215 2246 3283 posteri
2290 3212 2445 3282 hujus
2469 3215 2654 3282 poste-

439 3313 531 3356 ros
562 3300 885 3354 everterunt.
952 3296 1105 3353 Adeo
1133 3310 1286 3352 mens
1313 3296 1586 3354 bominum
1613 3297 1707 3353 fati
1741 3302 1946 3372 nescia,
1986 3302 2207 3358 vitando
2233 3302 2378 3360 mala
2400 3302 2652 3373 procurat.

440 3385 740 3445 Bomoidus
787 3386 1017 3457 quidam,
1062 3383 1326 3442 fanaticus
1366 3400 1437 3443 an
1465 3386 1739 3459 impostor,
1783 3387 1982 3462 retulit,
2026 3392 2199 3446 visum
2250 3391 2357 3447 sibi
2385 3390 2655 3459 ecstatico,

435 3477 707 3547 jacentem
737 3469 985 3531 Carolum
1012 3476 1068 3530 in
1095 3473 1219 3530 loco
1249 3488 1556 3547 poenarum,
1585 3479 1644 3531 et
1669 3476 1921 3533 auxilium
1948 3477 2359 3550 implorantem;
2398 3491 2659 3551 quaereu-

441 3566 607 3636 tique,
635 3563 760 3634 quid
787 3577 886 3634 pro
913 3575 983 3619 eo
1008 3567 1215 3635 posset,
1245 3563 1548 3634 mandasse,
1576 3569 1635 3620 ut
1662 3565 1929 3622 Hiucmarl
1957 3581 2149 3638 preces
2171 3573 2514 3640 exposceret:
2535 3568 2660 3624 inde

439 3652 658 3709 liberari
682 3653 875 3709 visum.
946 3651 1261 3709 Hincmarus
1285 3667 1401 3709 rem
1427 3654 1667 3727 credidit,
1693 3657 1787 3712 ‘aut
1811 3654 1983 3713 voluit
2001 3656 2163 3728 credi,
2191 3657 2422 3730 epistola
2450 3656 2659 3728 publica

437 3742 507 3799 ad
552 3743 841 3813 episcopos
888 3745 945 3797 et
968 3741 1107 3798 alies
1147 3743 1434 3811 religiosos
1469 3745 1617 3799 viros
1662 3746 1877 3817 scripta,
1920 3750 1981 3800 ut
2027 3759 2222 3816 preces
2267 3759 2365 3818 pro
2411 3745 2656 3802 defuncto
2709 3771 2716 3776 ·

444 3832 690 3903 principe
714 3828 1092 3899 fundentium
1122 3843 1262 3902 quae
1295 3834 1438 3888 inter
1466 3835 1584 3900 ejus
1612 3832 1873 3903 opuscula
1899 3838 2063 3890 extat.

581 3920 668 3976 8⁰.
739 3918 1074 3990 Principatus
1112 3919 1416 3991 complures
1455 3933 1488 3976 a
1524 3921 1841 3993 proceribus
1878 3925 2058 3994 coepti
2097 3925 2236 3996 sunt,
2274 3924 2366 3993 qui
2406 3922 2506 3978 sub
2540 3924 2656 3993 ipso

438 4006 685 4064 floruere.
755 4007 890 4064 Nam
923 4013 1037 4066 tum
1075 4013 1306 4066 maxime
1345 4008 1694 4067 beneficiales
1735 4009 1965 4067 ditiones
1992 4013 2046 4067 in
2075 4011 2439 4068 haereditates
2464 4011 2656 4082 abiere,

436 4109 560 4153 eam
598 4108 787 4165 regum
830 4100 1089 4155 autoritas
1130 4098 1373 4173 collapsa
1418 4101 1584 4156 esset.
1656 4099 2005 4172 Burgundiae,
2046 4099 2375 4174 Provinciae,
2416 4100 2653 4167 Tolosae,

439 4185 816 4256 Arvernorum,
858 4185 1287 4261 Pictavieusium,
1335 4187 1698 4260 Flandrorum,
1752 4187 2184 4261 Hansuariorum,
2231 4185 2653 4258 mosellanorum,

436 4273 844 4346 Campanorum,
870 4272 1392 4340 veromanduorum:
1438 4289 1617 4349 reges,
1656 4277 1841 4348 dues,
1881 4279 2234 4352 marchiones,
2278 4282 2503 4335 comites
2540 4280 2655 4332 tunc

440 4369 603 4434 caput
624 4363 888 4420 extulere.
954 4363 1238 4421 Fiandriae
1277 4368 1333 4421 et
1358 4363 1591 4422 Tolosae
1631 4368 1859 4423 comites
1906 4367 1998 4423 diu
2032 4365 2368 4426 marchiones
2414 4363 2653 4441 appeliati

440 4457 581 4525 sant,
607 4451 665 4508 hi
685 4451 975 4512 Saracenis
996 4455 1252 4528 oppositi,
1277 4453 1362 4513 iiii
1381 4451 1716 4513 Nor-mannis.
1801 4456 1909 4513 Sed
1950 4457 2092 4527 quod
2129 4457 2448 4515 Hellandiae
2488 4456 2651 4522 etiam,
