2817 4959
701 310 1234 379 Annuus
1299 316 1758 384 rursum
2074 271 2078 276 ’
2208 322 2339 390 229

81 487 489 544 hetharicuses
510 484 637 556 egit,
666 487 721 542 et
737 484 1011 543 luculento
1029 491 1334 562 praecepto,
1361 490 1501 561 apud
1519 489 1700 561 Aquas
1720 490 1877 548 Grani
1896 493 2036 566 dato,
2057 494 2328 566 Stephano
2361 499 2427 568 Δ,
2444 495 2583 565 968,

78 578 370 648 episcopo
411 571 699 630 facultates
741 573 1066 643 Tungrensis
1112 577 1381 634 ecclesiae
1417 578 1763 651 confirmavit,
1803 587 2226 650 recognoscente
2267 584 2337 644 ad.

80 667 277 720 vicem
305 662 542 718 Ratbodi
580 660 1035 720 archicancellarii
1072 662 1324 736 Ernuldo,
1365 682 1435 723 an
1459 665 1723 724 Ernnll'o?
1791 669 1981 739 Itaque
2007 672 2139 727 vixit
2165 670 2341 728 adhuc

80 751 399 809 Ratbcdus.
473 751 750 815 Quomodo
792 764 919 821 ergo
962 751 1164 821 Regino
1202 752 1479 810 historiam
1520 754 1844 812 Adalberoni
1871 757 2187 816 Treverensi
2214 762 2339 830 epi-

84 856 270 912 scopo
290 840 589 911 inscripsit,
617 838 916 911 deductam,
942 842 1001 896 nt
1017 842 1138 913 ipse
1155 841 1353 898 ibidem
1381 845 1473 915 ait,
1500 843 1567 900 ad
1594 846 1770 914 ipsum
1798 859 2004 917 anunm,
2033 859 2191 916 quem
2213 850 2335 904 ait*

86 929 157 987 ab
208 929 594 984 incarnatione
638 927 849 982 Domini
893 930 1354 997 nongentesimum
1400 934 1662 988 octavum.
1748 931 1856 989 Sed
1901 933 2182 990 dicendum
2228 939 2333 1007 est,

86 1017 501 1074 Adalbercnem
539 1015 755 1071 nonnisi
801 1014 1244 1089 chorepiscopum
1287 1018 1430 1088 apud
1466 1019 1713 1076 Treviros
1763 1020 1952 1078 fuisse.
2043 1021 2341 1084 Aibericus.

95 1107 164 1162 ad
199 1121 254 1161 a.
287 1105 360 1160 D.
391 1104 515 1159 905.
551 1101 1014 1174 archiepiscopum
1042 1106 1430 1179 Trevirensem,
1471 1121 1630 1178 quem
1657 1108 1918 1165 Tukerum
1943 1110 2100 1180 (lego
2128 1108 2335 1179 notge-

93 1196 248 1263 rum]
277 1195 460 1262 vocat,
490 1192 811 1263 compilasse
838 1192 1030 1250 librum
1063 1194 1418 1266 decretorum,
1455 1196 1605 1252 etad
1630 1195 1903 1255 Dadonem
1932 1196 2337 1255 verdunensem

99 1284 325 1339 misisse
353 1279 562 1337 scribit.
636 1279 898 1353 liutgerus
924 1281 1166 1339 Ratbodo
1196 1285 1477 1342 successit.

244 1368 298 1426 6.
375 1367 704 1426 Gerhardum
750 1372 1014 1442 comitem,
1053 1370 1286 1427 Mati'ridi
1328 1372 1545 1428 fratrem
1583 1387 1753 1445 nuper
1778 1372 2055 1446 rebellem,
2088 1377 2201 1445 jam
2227 1389 2336 1434 non

115 1460 343 1530 amplius
386 1459 444 1512 in
487 1457 625 1511 vivis
666 1457 853 1530 fuisse,
896 1458 1250 1529 Ragenarium
1291 1465 1471 1517 autem
1510 1462 1567 1519 in
1606 1461 1843 1531 Belgium
1899 1467 1955 1518 et
1993 1462 2060 1518 ad
2100 1463 2337 1522 honores

113 1549 370 1618 pristinos
414 1544 640 1616 redisse,
680 1552 903 1616 apparet
941 1561 1010 1603 ex
1047 1546 1154 1603 alio
1197 1547 1488 1620 diplomate
1527 1552 1689 1619 regis,
1731 1549 1873 1620 quod
1912 1551 2052 1620 apud
2077 1549 2337 1607 Miraenm

109 1636 163 1690 iu
207 1635 404 1691 notitia
446 1632 795 1704 ecclesiarum
833 1634 1006 1705 Belgii
1045 1639 1207 1692 extat.
1278 1636 1560 1693 Abbatiam
1589 1635 2034 1710 Heribotesheim,
2062 1637 2334 1695 Gerhardo

114 1724 383 1793 quondam
415 1723 597 1778 comiti
626 1721 695 1778 ob
739 1723 942 1780 crimen
981 1724 1265 1794 ademtam,
1307 1738 1403 1780 rex
1431 1725 1701 1797 Stephano
1732 1725 2018 1783 Leodiensi
2059 1729 2336 1798 episcopo,

115 1809 263 1867 affini
287 1814 404 1879 eius
422 1812 655 1882 (uxoris,
674 1811 853 1882 credo,
872 1809 1070 1882 fratri),
1091 1811 1398 1868 destinarat.
1451 1812 1549 1868 Ille
1577 1829 1685 1870 non
1712 1814 1832 1886 sibi,
1862 1816 1961 1871 sed
1991 1828 2122 1871 suae
2149 1803 2337 1871 &zle-

121 1901 238 1955 siae
265 1899 376 1954 dari
398 1900 552 1970 petiit
579 1901 1006 1971 impetravitque.
1077 1899 1265 1956 Eidem
1304 1913 1401 1957 rex
1438 1898 1713 1957 confirmat
1736 1900 2135 1958 Laubacensem
2163 1903 2339 1957 abba-

121 1990 266 2058 tiam,
305 1989 360 2042 in
395 1989 645 2046 comitatu
675 1988 969 2045 Haiuuensi
992 1987 1271 2059 Sigehardi
1298 1990 1472 2058 sitam,
1502 2004 1532 2043 a
1558 1993 1711 2059 patre
1738 2002 1838 2044 suo
1856 1988 2080 2045 Arnulfo
2108 1995 2339 2058 augusto

116 2090 459 2145 concessa-3
503 2080 560 2132 et
602 2074 787 2131 fiscum
826 2076 1024 2146 Tectis,
1064 2090 1098 2132 a
1136 2089 1264 2147 rege
1292 2076 1691 2147 Suendipolcho
1716 2078 1771 2132 in
1802 2079 2054 2134 comitatu
2080 2075 2337 2134 Liuuensi

114 2166 357 2234 eiusdem
400 2163 678 2233 sigehardi
718 2165 933 2235 datum;
979 2169 1034 2221 at
1073 2164 1269 2221 chsas
1297 2164 1583 2236 abbatiam,
1622 2179 1720 2236 per
1755 2168 2100 2236 praestariam
2125 2180 2158 2220 a
2187 2165 2337 2223 Gisla

113 2253 404 2324 abbatissa,
432 2254 578 2321 regis
606 2247 1017 2324 consanguinea,
1045 2254 1377 2324 acquisitam,
1413 2254 1467 2308 in
1491 2267 1630 2324 pago
1658 2268 1722 2309 ac
1750 2257 2005 2311 comitatu
2032 2254 2334 2310 Lummeasi
2414 2271 2428 2281 ³

109 2345 223 2414 (cai
249 2348 384 2398 tunc
421 2354 604 2397 comes
635 2340 1017 2411 Berengarins)
1046 2343 1232 2409 sitam3
1275 2342 1546 2398 teloneum
1572 2344 1702 2397 item
1729 2347 1786 2399 et
1814 2347 2079 2399 monetam
2108 2344 2175 2399 de
2199 2341 2335 2399 Tra·

107 2434 271 2503 jecto,
314 2433 468 2500 regia
510 2430 813 2502 donatione,
856 2432 1230 2487 consentiente
1269 2429 1501 2486 Albuino
1542 2431 1670 2487 tunc
1709 2434 1920 2502 comite,
1960 2433 2017 2487 in
2044 2430 2337 2487 ecclesiam

110 2518 468 2575 Lecdiensem
509 2517 783 2574 translata.
857 2517 1006 2575 llaec
1043 2525 1164 2575 acta
1199 2518 1265 2576 ad
1305 2520 1751 2576 intercessionem
1790 2520 2112 2576 Her-imam
2146 2520 2336 2574 archi-

104 2609 394 2679 praesulis,
424 2606 823 2678 Geieaaraiquc
845 2609 959 2677 (sic
984 2606 1302 2675 legentium)
1328 2612 1379 2662 ct
1402 2607 1715 2677 Reyinharii
1737 2611 2000 2663 comitum.
2053 2606 2335 2662 Errantem

112 2696 476 2752 manarat-s
494 2695 570 2748 ad
585 2698 750 2751 vicem
765 2696 997 2751 Ratbodi’
1010 2695 1485 2752 archicancellarii
1495 2696 1821 2765 recognovit.
1876 2695 1999 2751 Dae.
2010 2697 2067 2750 5.
2080 2693 2196 2748 Kal.
2211 2694 2331 2750 Feb.

112 2787 280 2840 minc.
303 2784 446 2838 doni.
469 2784 595 2838 908.
611 2784 717 2838 ind.
740 2785 824 2854 11,
843 2799 990 2840 anno
1010 2787 1163 2856 refut
1177 2783 1440 2841 Luaovioi
1454 2784 1509 2837 8.
1549 2784 1738 2839 Actum
1755 2781 2087 2852 Aquisqram'
2104 2782 2332 2851 palatio.

247 2873 303 2926 7.
379 2870 481 2925 Hic
506 2876 692 2927 notatu
720 2871 930 2940 dignum
961 2876 1060 2943 est,
1089 2872 1158 2927 ad
1184 2874 1385 2939 regiam
1407 2871 1477 2927 de
1496 2873 1776 2926 comitatus
1796 2868 1956 2924 rebus
1977 2868 2332 2941 donationem,

113 2959 403 3032 aliqnando
432 2957 718 3014 adhibitum
748 2962 874 3015 tunc
903 2959 1113 3015 comitis
1143 2972 1480 3015 consensum.
1551 2958 1927 3014 Necessarium
1970 2961 2148 3011 tamen
2177 2956 2334 3012 babi-

115 3053 234 3119 tan,
283 3063 398 3104 non
439 3046 566 3102 ideo
607 3045 927 3104 affirmarim.
1046 3046 1184 3102 Illud
1228 3049 1443 3102 constat
1486 3060 1553 3103 ex
1595 3043 1873 3100 Adalberti
1915 3043 2233 3100 Francorum
2279 3050 2335 3102 et

113 3136 426 3207 Erchingeri
453 3133 876 3192 Allemaunornm
902 3135 1159 3206 principis
1187 3147 1333 3205 casn,
1374 3147 1545 3204 saepe
1579 3132 1883 3201 indignatos
1910 3134 2045 3202 regii
2066 3133 2205 3201 juris
2231 3134 2334 3190 ad·

115 3229 403 3295 ministroS,
431 3237 549 3278 cum
577 3237 664 3280 res
693 3223 825 3280 tisco
853 3223 1157 3280 subtractae
1186 3223 1437 3280 ecclesiis
1465 3217 1844 3293 tribuebantur,
1874 3222 2026 3292 quasi
2054 3233 2164 3276 rem
2185 3235 2334 3278 suam

0 3299 6 3318 ¹
57 3309 64 3316 ’
114 3318 454 3383 amisisseut3
498 3312 752 3382 paulatim
782 3312 923 3368 enim
949 3310 1387 3383 gubernationem
1415 3311 1471 3366 in
1492 3313 1583 3381 jus
1608 3311 1909 3366 vertebant.
1980 3308 2145 3365 Porro
2172 3309 2335 3364 Lum-

113 3404 315 3459 mensis
359 3403 647 3457 comitatus
688 3401 830 3457 idem
873 3404 959 3456 est
996 3399 1215 3471 (Miraei
1249 3400 1504 3470 judicio),
1546 3400 1639 3469 qui
1664 3397 1960 3468 Lomensis,
1988 3395 2335 3454 Lomacensis

114 3505 212 3548 seu
237 3491 642 3547 Namurcensis.
708 3487 788 3545 De
817 3487 1014 3561 Gisela,
1040 3487 1295 3546 Ludovici
1322 3489 1467 3556 regis
1497 3489 1905 3556 consanguinea,
1935 3486 2161 3540 diximus
2190 3483 2256 3539 ad
2286 3499 2334 3541 a.

115 3578 498 3636 1).89'1.Pene
527 3579 687 3633 etiam
714 3579 767 3632 in
789 3579 892 3646 jus
899 3578 1052 3649 ierat,
1069 3582 1129 3633 ut
1146 3575 1394 3633 abbatiae
1411 3573 1725 3647 proceribus
1747 3572 2107 3630 comedendae
2138 3571 2336 3627 daren-

115 3671 214 3740 tur,
235 3670 393 3739 quasi
419 3668 487 3724 ad
516 3666 829 3722 sustinenda
854 3664 1198 3736 reipublicae
1230 3667 1424 3722 munia.
1478 3663 1667 3733 Itaque
1682 3660 1992 3718 Stabuloam
2022 3656 2336 3732 iaspdelardi

118 3757 332 3812 comitis
374 3756 444 3811 de
481 3768 615 3823 rupe
643 3753 924 3810 Ardennae
948 3756 1220 3824 potestate
1252 3750 1440 3824 fnisse,
1468 3749 1749 3807 Albericus
1777 3753 1927 3806 notat
1952 3748 2021 3803 ad
2046 3762 2095 3805 a.
2122 3747 2185 3802 D.
2214 3746 2336 3802 905.

248 3845 305 3900 8.
381 3844 540 3899 Alani
578 3843 848 3900 Britonum
885 3843 1141 3914 principis
1179 3845 1407 3897 mortem
1444 3841 1500 3897 in
1536 3838 1677 3896 hunc
1711 3852 1905 3896 annum
1931 3833 2199 3906 referunt,
2224 3838 2338 3908 qui

119 3935 335 3990 strenue
365 3936 578 3988 rexerat
606 3935 833 4002 gentem,
861 3934 919 3986 et
944 3945 976 3986 a
994 3931 1409 3987 Normannorum
1440 3930 1793 3999 oppressione
1819 3923 2127 3980 vindicarat.
2167 3923 2333 3994 Exeo

120 4022 234 4077 sine
264 4021 405 4076 duce
430 4020 753 4089 aliquamdiu
771 4019 1042 4074 Britannia
1054 4018 1127 4055 **
1154 4015 1274 4089 fuit,
1297 4020 1354 4073 in
1380 4014 1564 4087 plures
1594 4016 1803 4088 dilapsa
1831 4015 2086 4084 comites3
2115 4026 2339 4084 quorum

118 4121 216 4166 nec
244 4111 436 4178 virtus,
464 4120 567 4164 nec
587 4110 845 4165 autoritas
872 4106 1118 4164 arcendis
1146 4103 1391 4161 hostibus
1428 4120 1523 4175 par
1548 4109 1679 4170 arat.
1743 4103 1825 4158 Ita
1842 4101 2128 4158 Normanni
2150 4103 2338 4158 iterum

117 4210 309 4265 graves
351 4194 520 4254 suere.
591 4195 772 4252 Caroli
805 4201 1076 4267 torporem
1106 4207 1214 4251 non
1253 4194 1506 4253 excitavit
1543 4196 1652 4250 tam
1689 4190 1988 4304 pulchra·
1936 4191 2150 4246 occasio
2178 4202 2340 4246 reeu-

114 4286 385 4356 perandae
412 4286 649 4357 regionis
683 4284 807 4340 2⁸⁸.

258 4374 311 4432 9.
383 4373 501 4430 lloc
542 4375 704 4430 etiam
746 4387 882 4432 anno
910 4372 1161 4432 Bisonem
1186 4369 1650 4428 Padebornensem
1693 4349 2006 4443 episcopum
2032 4367 2193 4422 vitam
2219 4378 2342 4423 cun

170 4481 227 4531 ⁶)
253 4482 472 4535 espa-sit
499 4480 692 4526 Ecba-d.
721 4485 766 4524 ee
788 4485 886 4535 pou
911 4483 1119 4526 cetarum
1144 4478 1311 4523 addida
1337 4477 1561 4524 nominat.
1718 4476 1799 4529 θ’)
1826 4470 2015 4521 md.
2043 4470 2223 4517 addidit.

168 4552 284 4608 ο’0)
304 4553 406 4597 iaie
431 4553 570 4609 capiti
594 4563 651 4597 u
678 4551 880 4598 minet·
905 4556 1112 4608 nemu
1132 4549 1331 4597 adu-h
1356 4561 1468 4604 mc,
1495 4551 1544 4596 tn
1568 4552 1764 4605 margine
1786 4548 1950 4592 aaut
1975 4546 2027 4589 1..
