2817 4959
606 254 700 322 48
1191 249 1723 322 ANNALES
1782 252 2248 322 IMPERII

366 425 435 493 Α.
456 424 596 495 880.
614 437 732 487 mos
758 430 920 502 viros,
950 428 1232 486 comitibus
1260 430 1566 500 dignatione
1593 441 1870 500 suppares,
1898 431 1956 484 et
1980 431 2039 483 ut
2065 427 2184 484 fere
2217 431 2348 486 tunc
2384 443 2507 486 mos
2575 435 2765 508 erog*

611 519 919 575 nisteriales
947 518 1102 575 aulae
1128 522 1327 589 regiae,
1356 521 1638 588 insignium
1677 517 2010 589 praediorum
2051 516 2329 573 beneficiis
2369 523 2749 592 autoratoS,

612 621 833 679 masque
861 622 987 664 snas
1015 608 1288 665 ducentes,
1346 608 1571 664 Nomina
1598 606 1855 675 subjicio:
1895 607 2138 675 Aderam,
2163 606 2371 677 Alfwin,
2393 609 2723 683 Addaia,
2753 653 2765 669 .

608 696 785 768 Alcen
814 697 964 761 Aida‚
1005 696 1172 769 nudo,
1209 698 1373 766 Eudo,
1417 696 1551 762 Wal,
1589 695 1848 764 Adalwin‚
1887 694 2217 767 werinhard,
2255 695 2568 767 Tmou-ich,-
2626 701 2765 755 Ait·

609 784 835 841 Caetera
863 800 894 839 a
923 785 1153 841 librariis
1181 788 1397 854 omissa,
1427 788 1663 854 apparet.
1737 784 1798 837 In
1827 783 2015 837 codice
2041 799 2198 839 manu
2226 787 2429 855 scripto
2457 785 2515 841 S.
2563 788 2765 844 Trud

607 887 768 943 quem
796 873 1061 928 consuluit
1090 873 1478 940 Hensclienius,
1505 873 1573 926 de
1599 869 1914 940 martyribus
1950 885 2085 940 quos
2123 878 2315 928 vocant
2343 872 2765 933 Ebbekesdor

611 960 761 1016 sibus
790 976 971 1032 agens,
1010 963 1222 1016 nomina
1251 961 1574 1029 quorundam
1620 959 1779 1028 paulo
1820 959 1926 1014 alia
1966 959 2198 1016 dialecto
2238 963 2671 1035 exprimuntur,
2728 973 2764 1021 a*

606 1051 750 1105 inter
790 1050 910 1105 Wal
958 1053 1015 1104 et
1039 1048 1281 1104 Adalwin
1320 1052 1582 1116 ponuntur
1613 1045 1783 1102 Halilf
1805 1051 1861 1103 et
1895 1047 2106 1119 Hunild,
2144 1048 2439 1105 Aventinus
2483 1052 2677 1108 addit
2717 1053 2765 1110 A

607 1140 804 1193 vistum
832 1142 896 1208 (a
924 1152 984 1193 se
1015 1136 1340 1206 fabricatum,
1368 1141 1427 1191 ut
1454 1137 1706 1206 apparet)
1733 1139 1789 1192 et
1816 1135 2135 1190 Isenotlium.
2184 1134 2330 1192 Haec
2347 1142 2593 1196 nomina
2616 1133 2765 1199 vete

608 1223 877 1280 Saxonum
905 1223 1013 1278 illis
1056 1226 1249 1279 similia
1288 1229 1425 1294 sunt,
1466 1238 1604 1295 quae
1642 1223 1800 1280 hodie
1841 1228 1962 1279 unis
2003 1222 2122 1280 fere
2163 1224 2474 1282 Frisonibus
2523 1235 2765 1306 supersi]

609 1312 847 1384 Corpora
877 1326 1155 1368 caesorum
1182 1312 1588 1369 Ebbekesdorfii
1617 1313 1872 1368 tumulata
1899 1318 2049 1381 sunt3
2092 1314 2183 1382 qui
2222 1329 2345 1368 mox
2379 1317 2531 1371 inter
2585 1309 2765 1390 marti

606 1400 779 1470 relati,
810 1407 867 1456 ut
894 1399 1143 1456 solebant
1170 1407 1309 1470 tunc,
1347 1403 1440 1470 qui
1467 1405 1522 1457 in
1550 1401 1707 1456 bellis
1737 1407 1922 1457 contra
1948 1400 2132 1456 hostes
2164 1401 2436 1458 christiani
2465 1410 2733 1463 nominis
2759 1413 2765 1464 i

609 1489 862 1562 ciderant,
893 1488 1091 1544 cultum
1131 1495 1466 1560 posterorum
1504 1504 1766 1545 mernere.
1835 1488 2313 1545 Ebbeliesdorlium
2353 1491 2489 1547 villa
2529 1501 2640 1550 est
2675 1491 2765 1552 Lui'

607 1575 812 1646 burgici
840 1581 1055 1646 tractus,
1084 1581 1407 1633 monasterio
1436 1578 1730 1648 puellarum
1758 1592 1898 1634 nunc
1922 1580 2174 1646 insignis;
2206 1594 2342 1649 quae
2367 1579 2501 1638 olim
2523 1596 2610 1638 ex
2627 1587 2765 1654 regul

604 1665 985 1721 Benedictinae
1012 1667 1341 1735 praescripto
1370 1666 1637 1722 vivebant.

747 1756 798 1808 5.
868 1753 1095 1808 Haecin
1125 1767 1326 1808 summa
1354 1755 1422 1810 de
1450 1769 1509 1812 re
1537 1754 1886 1813 celeberrima
1927 1773 2023 1828 pro
2066 1760 2229 1814 certis
2268 1758 2375 1812 dici
2415 1767 2705 1830 possunt.-
2742 1775 2765 1817 s

604 1844 1034 1899 circumstantiae
1065 1840 1192 1897 facti
1228 1841 1520 1913 pleraeque
1556 1845 1795 1900 tenebris
1836 1848 2163 1918 antiquitatis
2200 1846 2511 1905 obruuntur.
2597 1852 2667 1906 ln
2705 1866 2765 1906 au

603 1929 928 2000 assignando
958 1931 1177 1985 annales
1204 1931 1539 1987 Bertinianos
1567 1947 1632 1988 ac
1657 1933 1949 1991 Fuldenses
1979 1937 2149 1991 secuti
2179 1950 2377 2007 sumus,
2421 1939 2640 2007 quibus
2671 1954 2765 1994 mai

602 2034 686 2075 uia
716 2021 881 2074 estin
920 2018 1105 2073 borum
1143 2023 1438 2089 temporum
1480 2021 1642 2076 rebus
1685 2022 1836 2079 fides.
1908 2024 2327 2080 Bertinianorum
2364 2029 2702 2098 exscriptor,
2743 2041 2765 2096 q

600 2108 899 2163 Aimoinum
929 2109 1269 2176 continuavit,
1298 2107 1440 2163 idem
1467 2106 1658 2174 babet3
1699 2125 1804 2180 quo
1835 2112 2006 2166 minus
2036 2111 2211 2167 locum
2242 2119 2551 2184 corruptum
2581 2119 2765 2185 suspic

601 2209 732 2250 mur.
804 2194 933 2249 Nam
963 2193 1029 2247 de
1059 2192 1410 2248 Fuldensibus
1443 2193 1668 2251 dubitari
1697 2202 1892 2269 potest,
1922 2202 2047 2270 quia
2076 2201 2249 2256 codex
2275 2201 2329 2256 S.
2352 2202 2649 2277 Trudonis,
2681 2204 2765 2259 Hei

600 2281 821 2337 sebenio
852 2282 1057 2349 citatus,
1087 2295 1277 2336 annum
1304 2283 1716 2352 praecedentem
1745 2289 1908 2356 ponit.
1983 2287 2050 2342 Et
2076 2289 2305 2344 similem
2325 2292 2578 2348 codicem
2605 2297 2765 2349 secui

597 2373 684 2425 est
711 2368 973 2424 annalista
999 2373 1185 2424 noster
1208 2370 1347 2424 Saxo
1374 2370 1604 2428 nondum
1632 2375 1689 2428 in
1716 2374 1889 2429 lucem
1917 2378 2129 2432 missus.
2202 2377 2376 2434 Minus
2399 2380 2670 2438 Adamum
2691 2382 2765 2436 Bri

599 2469 838 2512 mensem
868 2470 1146 2524 moramur,
1175 2460 1265 2526 qui
1296 2459 1361 2513 12
1390 2458 1658 2517 Remberti
1705 2463 2093 2534 archiepiscopi
2141 2465 2563 2537 Hambnrgensis
2612 2481 2765 2525 annm

596 2545 654 2600 id
682 2550 767 2601 est
797 2544 1005 2599 Domini
1031 2545 1154 2617 877,
1183 2551 1273 2601 aut
1310 2545 1604 2620 Cranzium,
1633 2552 1724 2620 qui
1750 2551 1872 2606 876.
1902 2557 2189 2623 computat.
2285 2555 2402 2610 Nec
2427 2558 2607 2615 minor
2634 2557 2700 2612 de
2726 2556 2765 2612 di

597 2636 927 2689 concertatio
954 2638 1056 2689 est.
1127 2634 1441 2691 Annalistae
1476 2642 1909 2709 contemporanei
1948 2641 2153 2699 cladem
2183 2645 2237 2700 in
2274 2644 2519 2714 hyemem
2551 2651 2648 2703 aut
2673 2655 2765 2701 ver.

595 2722 749 2777 initia
785 2722 1037 2793 retulere,
1076 2728 1133 2779 ut
1170 2737 1239 2779 ex
1272 2725 1518 2781 narrandi
1564 2730 1707 2782 serie
1751 2733 1987 2798 apparet.
2091 2730 2159 2786 Et
2198 2731 2463 2790 Ditmarus
2518 2737 2573 2792 4.
2626 2735 2765 2791 Nona

594 2808 747 2866 Febr.
794 2810 1053 2883 designat,
1093 2813 1148 2869 id
1188 2817 1273 2868 est
1314 2812 1509 2870 festum
1552 2814 1936 2886 purificationis
1976 2817 2033 2872 Β.
2076 2818 2329 2891 Virginis,
2369 2826 2426 2876 ut
2466 2822 2634 2879 habet
2657 2823 2765 2876 autc

520 2901 531 2908 '
597 2897 833 2956 chronici
861 2900 1153 2957 mindensis
1190 2902 1500 2974 Pistoriani3
1548 2917 1684 2973 quae
1713 2907 1979 2961 sententia
2008 2910 2195 2964 merito
2239 2909 2439 2978 placuit
2478 2909 2765 2968 doctissimi

594 2986 987 3060 hagiographis,
1016 2993 1227 3046 tametsi
1256 2993 1394 3062 apud
1425 2992 1804 3065 legendarium,
1850 3010 2007 3065 quem
2042 2999 2184 3051 inter
2222 3001 2510 3069 scriptores
2550 2995 2765 3056 Brunsvi-

595 3077 780 3130 censia
808 3075 1135 3132 illustrantes
1165 3078 1444 3151 edidimus,
1471 3081 1745 3138 Kalendae
1773 3084 1997 3151 Augusti
2025 3084 2338 3144 scribantur.
2380 3087 2447 3143 Et
2467 3087 2583 3145 fieri
2607 3083 2765 3159 potest

594 3165 654 3215 ut
692 3172 758 3217 ea
786 3161 878 3216 die
915 3161 1169 3218 translata
1196 3166 1302 3220 sint
1338 3180 1482 3238 ossa,
1520 3171 1610 3223 aut
1650 3170 1860 3226 solenni
1902 3174 2006 3228 ritu
2047 3181 2339 3246 composta.
2419 3177 2498 3234 De
2537 3179 2653 3234 loco
2685 3184 2765 3229 noi

593 3248 769 3326 minor
804 3246 1060 3305 dubitatio
1098 3255 1212 3317 est;
1240 3257 1467 3323 utraque
1495 3255 1739 3328 legenda,
1782 3273 1938 3329 quam
1975 3261 2235 3333 dedimus,
2259 3270 2416 3321 -trans
2450 3265 2626 3322 Albim
2657 3259 2765 3332 apud

591 3334 948 3406 Hamburgiun
986 3338 1207 3395 caedem
1244 3337 1441 3396 factam
1469 3344 1658 3414 tradit;
1711 3360 1838 3401 ossa
1864 3360 1994 3404 vero
2022 3363 2298 3408 caesorum
2326 3350 2765 3411 Ebbekesdorfium

591 3422 778 3480 relata.
850 3426 956 3482 Sed
994 3440 1088 3482 cur
1122 3431 1228 3483 tam
1255 3429 1458 3497 longe?
1527 3430 1610 3487 Aa
1635 3434 1923 3492 viciniores
1952 3440 2222 3498 ecclesiae
2249 3442 2506 3499 deerant?
2551 3439 2765 3501 Credibi-

597 3511 707 3568 lius
749 3517 848 3585 est,
886 3513 1360 3574 Ebbekesdoriium
1386 3521 1507 3591 ipsa
1535 3519 1689 3578 clade
1711 3523 2063 3585 nobilitatum.
2637 3578 2649 3595 .

731 3601 782 3657 6.
854 3602 953 3658 Pro
978 3603 1145 3660 Danis
1171 3605 1361 3663 slavos
1389 3606 1715 3667 substituunt
1747 3612 2058 3688 legendarii,
2114 3619 2182 3674 ad
2208 3622 2556 3696 posteriorum
2581 3623 2765 3686 tenpo-

590 3701 706 3744 rum
736 3689 929 3748 faciem
955 3696 1336 3765 respicientes:
1379 3697 1477 3752 sed
1523 3697 1684 3755 iidem
1722 3702 1952 3759 ridicule
1991 3720 2182 3777 papam
2210 3709 2551 3776 Benedictnm
2585 3722 2649 3765 ex
2683 3717 2765 3760 ⁸0-

591 3781 788 3847 queate
828 3780 1012 3837 seculo
1057 3783 1115 3838 in
1159 3789 1336 3841 castra
1379 3786 1659 3860 adducunt,
1706 3804 1864 3860 quem
1909 3794 2122 3851 scilicet
2163 3795 2445 3868 Hamburgi
2488 3797 2761 3854 defunctum

586 3865 991 3942 intellexerant3
1054 3886 1187 3942 quas
1241 3876 1473 3943 ineptias
1529 3881 1676 3933 recte
1719 3878 1980 3938 cranzius
2019 3881 2271 3942 refutavit
2304 3888 2555 3958 peculiari
2589 3880 2757 3955 opella,

585 3953 875 4029 Iletrepcii
920 3958 1184 4028 subjecta.
1271 3961 1385 4032 Ego
1432 3967 1767 4023 autoritatem
1808 3969 1950 4026 Erici
2000 3970 2280 4031 Pomeranl
2327 3976 2581 4032 Danorum
2620 3969 2756 4037 ῐθέῑθ»

585 4057 697 4099 non
725 4048 1080 4115 spernendam
1107 4063 1327 4122 censeo,
1375 4053 1464 4121 qui
1492 4055 1547 4108 in
1573 4053 1793 4112 historia
1826 4063 2002 4127 gentis
2029 4061 2297 4119 Danorum
2337 4065 2612 4120 memoriae
2646 4069 2757 4129 prv-

581 4130 736 4202 didit,
764 4131 975 4190 Ericum
1002 4150 1200 4210 regem,
1228 4141 1321 4209 qni
1347 4140 1507 4208 vulgo
1537 4141 1661 4198 Eric
1686 4145 1840 4217 Barn,
1869 4153 2115 4207 vastasse
2142 4151 2456 4217 Saxouiamz
2493 4153 2750 4209 anonen

580 4221 775 4276 ducem
825 4226 880 4278 et
920 4223 1201 4282 duodecim
1240 4232 1468 4284 comites
1505 4232 1564 4287 in
1601 4233 1803 4302 praelio
1846 4238 2130 4312 occidisse,
2189 4244 2530 4298 succendisse
2567 4233 2751 4305 temph,

584 4307 749 4365 urbes
778 4311 1058 4367 evertisse.
1131 4314 1284 4387 Barn,
1329 4318 1383 4372 id
1430 4325 1516 4374 est
1549 4334 1699 4393 puer,
1743 4322 1917 4379 dictus
1962 4331 2068 4398 est,
2107 4329 2250 4399 quod
2290 4337 2476 4389 tenera
2506 4330 2665 4386 aetate
2693 4317 2746 4374 ⁸⁴¹

582 4409 805 4470 regnum
844 4401 1103 4477 venisset,
1143 4417 1265 4461 cum
1302 4405 1548 4477 plerique
1593 4410 1777 4480 regiae
1814 4414 2000 4487 stirpis
2040 4417 2097 4487 in
2135 4416 2281 4476 bello
2309 4422 2576 4493 perissent.
2639 4412 2746 4468 Ro*
