2817 4959
667 251 1201 321 ANNALES
1266 251 1721 322 IMPERII
2173 259 2300 323 445

67 425 487 497 quadriennium
527 425 800 500 defuncto,
842 427 1284 499 quemadmodum
1323 442 1395 485 ex
1434 430 1630 486 nostris
1666 428 2004 485 Fuldensium
2043 428 2302 488 fastorum
2321 430 2390 501 Α.
2412 429 2553 500 93..

74 515 359 585 excerptis
394 515 643 584 conJicio.
716 515 936 572 Aiiuere
973 500 1114 573 liaud
1140 516 1301 574 dubie
1330 521 1386 574 et
1413 518 1694 589 praesules
1723 517 2025 589 complures
2051 518 2308 576 Franciae

75 602 471 675 saxoniaeque,
505 616 732 673 quorum
771 606 999 660 maxima
1038 608 1156 661 erat
1191 607 1251 662 in
1283 607 1529 664 consiliis
1556 609 1830 664 autoritas.
1901 608 2086 678 ltaque
2113 612 2307 663 senatu

79 694 401 763 convocato,
421 705 520 747 rex
538 691 791 749 disseruit
803 708 815 746 :
827 701 831 705 *
844 692 1032 750 Morbo
1050 693 1356 765 periculoso
1375 699 1433 751 et
1451 696 1572 765 ipsa
1598 698 1776 752 aetate
1797 708 1929 752 sese
1944 710 2306 767 supremarum

76 794 327 837 curarum
365 779 670 846 admoueri;
720 794 849 837 esse
889 782 1274 839 consulendum
1307 785 1393 839 rei
1420 784 1683 856 publicae,
1721 797 1846 840 esse
1875 786 2037 840 etiam
2064 787 2308 855 privatae

78 881 148 924 ac
164 869 281 924 suis
299 867 745 940 prospiciendum.
820 868 1093 926 Hactenus
1110 870 1274 928 nullis
1293 885 1357 926 se
1376 886 1472 943 pro
1490 874 1664 943 patria
1681 871 1955 928 laboribus
1974 876 2307 945 pepercisse,

73 957 443 1015 nee-divinam
472 971 630 1028 opem
657 956 915 1014 defuisse.
985 957 1176 1015 Datam
1194 973 1429 1030 operam,
1454 974 1529 1020 ue
1550 974 1613 1016 se
1633 959 1900 1032 defuncto,
1928 965 2142 1017 rectore
2162 962 2305 1019 bono

70 1044 246 1102 facile
274 1049 484 1101 careret
506 1059 729 1116 regnam
754 1046 1104 1115 Francorum
1154 1050 1214 1104 iu
1249 1061 1367 1105 eam
1405 1049 1799 1105 solicitudinem
1826 1049 1992 1105 filium
2024 1055 2154 1105 natu
2184 1064 2305 1106 ma-

71 1135 254 1203 jorem
273 1133 523 1190 Ottonem
542 1151 574 1191 a
592 1149 654 1191 se
674 1135 1153 1207 educatum,ou1us
1180 1142 1522 1209 perspectam
1549 1137 1795 1193 omnibus
1822 1138 2057 1194 indolem
2083 1137 2307 1195 laudare

75 1223 233 1280 nolit.
287 1221 479 1292 Itaque
505 1221 646 1280 bunc
664 1224 1036 1281 commendare
1064 1225 1394 1298 principibus
1422 1240 1488 1281 ac
1515 1224 1732 1298 populo,
1760 1229 1817 1281 et
1837 1229 2039 1297 optare,
2065 1229 2125 1281 ut
2154 1241 2307 1283 com-

75 1312 230 1368 muni
256 1311 526 1367 sententia
551 1314 918 1384 constituatur,
946 1314 1087 1384 quod
1115 1314 1316 1370 exitum
1343 1314 1541 1370 deinde
1564 1313 1765 1370 babere
1792 1317 1981 1385 possit,
2008 1317 2069 1370 ut
2084 1315 2309 1372 dissidia

77 1403 141 1455 et
168 1399 406 1456 civilium
445 1400 702 1463 malorum
727 1404 1057 1458 occasiones
1097 1405 1548 1473 praevertentur..
1588 1401 1789 1458 Omnes
1816 1404 2139 1461 sententiam
2165 1407 2309 1473 regis

82 1487 470 1560 collaudarunt,
515 1493 573 1545 et
616 1490 865 1548 Ottonem
911 1504 1290 1548 successorem
1311 1523 1314 1528 -
1336 1492 1604 1547 communi
1649 1490 1899 1558 suffragio
1946 1492 2308 1562 designarunt.

79 1576 349 1633 lieni-icus
375 1591 504 1647 ergo
524 1576 1124 1635 Ottonemtestamento
1151 1593 1333 1650 regem
1361 1581 1652 1653 constituit,
1679 1581 1909 1636 caeteris
1936 1578 2063 1635 filiis
2090 1580 2310 1654 praedia

83 1680 204 1722 cum
229 1665 495 1723 thesauris
525 1664 810 1738 distribuit,
837 1671 897 1723 ut
921 1666 1086 1723 habet
1111 1668 1448 1724 witikindus.

226 1754 312 1810 10.
383 1753 650 1810 Ditmarus
679 1757 970 1827 episcopus
996 1758 1287 1813 memoriae
1314 1756 1565 1828 prodidit,
1591 1770 1697 1813 nec
1714 1756 2069 1814 dissimulavit
2086 1756 2304 1827 biogra-

83 1842 221 1916 phus
249 1842 536 1914 nammis,
575 1845 830 1915 reginam,
870 1848 931 1900 ut
956 1848 1081 1900 sunt
1107 1845 1362 1902 mulieres
1399 1848 1559 1901 etiam
1574 1845 2004 1915 sapientissimae
2043 1846 2308 1902 interdum

86 1931 352 1988 obnoxiae
396 1934 601 1989 teneris
648 1930 949 2006 affectibus,
997 1937 1234 2006 optasse,
1279 1939 1337 1990 ut
1378 1949 1605 2003 regnum
1647 1937 1776 1990 natu
1833 1934 2029 1989 minori
2072 1934 2308 1990 Henrico

83 2019 397 2092 dolonem,
425 2033 585 2091 quem
612 2022 731 2078 sire
758 2020 828 2078 ob
856 2024 1116 2095 speciem,
1144 2039 1250 2095 qua
1278 2037 1442 2094 super
1460 2026 1692 2097 juvenes
1720 2023 1807 2078 sui
1832 2023 2089 2091 temporis
2118 2022 2311 2079 exech:

84 2110 200 2180 luit,
239 2111 360 2166 sive
388 2109 704 2181 oli-pronius
733 2109 1051 2181 obsequium
1088 2114 1260 2182 magis
1302 2111 1589 2182 diligebat3
1631 2109 1815 2167 colore
1849 2114 2043 2181 sumto,
2083 2111 2227 2181 quod
2250 2113 2311 2169 in

25 2221 34 2230 -
85 2211 317 2270 purpura
340 2202 693 2255 natusesset.
763 2199 903 2256 Hinc
927 2202 1100 2272 prima
1125 2201 1253 2256 mali
1287 2201 1445 2257 labes
1480 2204 1538 2256 et
1570 2199 1788 2256 fratrum
1815 2201 1977 2255 etiam
2003 2200 2128 2255 vivo
2158 2202 2310 2271 patre

86 2286 376 2342 aemulatio
415 2288 473 2342 et
511 2285 706 2341 deinde
743 2289 800 2341 iu
839 2300 1010 2356 regno
1050 2291 1338 2360 contentio,
1382 2293 1536 2360 cujus
1576 2290 1817 2344 meminit
1859 2287 2211 2359 flodoardus,
2253 2290 2312 2344 et

87 2373 216 2431 Otto
240 2389 275 2430 a
301 2377 470 2432 matre
494 2372 734 2431 nonnihil
761 2375 1026 2432 alienatus
1054 2380 1158 2433 est.
1226 2377 1359 2440 Nam
1378 2391 1446 2433 ea
1465 2378 1755 2448 disputatio
1777 2380 1902 2448 post
1918 2379 2061 2446 regis
2079 2382 2311 2434 mortem

85 2468 342 2521 morata
366 2462 485 2534 fuit,
519 2462 743 2534 et.apud
768 2462 907 2520 alios
934 2465 1098 2521 etiam
1123 2465 1358 2537 populos
1383 2468 1660 2522 materiam
1682 2466 1924 2522 discidiis
1951 2477 2119 2535 saepe
2146 2478 2313 2534 prae-

85 2551 292 2624 buerat,
329 2551 770 2621 quemadmodum
810 2553 947 2623 apud
988 2552 1269 2623 nugonem
1308 2554 1550 2610 Grotium
1590 2554 1700 2622 legi
1738 2556 1935 2625 potest,
1977 2554 2069 2622 qui
2095 2553 2313 2620 dejure

83 2641 321 2709 gentium
360 2644 569 2709 patrum
607 2642 866 2696 memoria
905 2641 1336 2710 praeclarissime
1378 2644 1611 2710 scripsit.
1684 2641 1793 2696 Sed
1833 2641 1974 2711 apud
2012 2639 2309 2696 Germanos
2385 2707 2393 2718 ι

83 2721 231 2799 regis
265 2728 524 2798 judicium
565 2730 620 2784 et
657 2729 795 2784 ratio
834 2731 984 2783 recta
1022 2728 1338 2799 praevaluit.
1408 2729 1539 2785 Sive
1572 2717 1714 2783 enim
1753 2728 1979 2797 eligatur
2010 2739 2122 2798 rex,
2160 2728 2312 2785 nulla

84 2821 176 2875 est
213 2818 582 2888 praerogativa
622 2830 888 2888 purpurae
927 2818 985 2872 in
1027 2818 1207 2883 cunis3
1250 2818 1369 2872 sive
1409 2816 1680 2886 succedat,
1722 2817 1885 2872 etiam
1919 2815 2314 2884 patrimonialia

81 2906 304 2979 praedia
322 2908 531 2961 constat
548 2905 793 2975 nuspiam
811 2904 999 2960 liberis
1020 2905 1132 2960 illis
1157 2906 1374 2975 propria
1398 2903 1601 2976 baberi,
1631 2903 1721 2974 qui
1748 2906 1875 2974 post
1899 2903 2312 2972 acquisitionem

84 2997 212 3050 sunt
234 2995 364 3050 nati.
433 2993 552 3049 Non
580 2991 818 3064 defuere,
848 2991 1041 3064 quibus
1067 2993 1285 3050 ilenrici
1305 2994 1395 3061 jus
1424 2995 1604 3063 potius
1630 2991 1920 3062 videretur,
1948 2989 2046 3047 sed
2072 2990 2309 3060 maligno

79 3083 264 3138 animo
290 3086 352 3138 et
371 3081 442 3138 ad
469 3081 785 3138 turbandum
811 3095 988 3139 verso.
1061 3081 1252 3152 itaque
1281 3083 1483 3152 optima
1509 3082 1845 3152 maximaque
1870 3093 1997 3151 pars
2025 3091 2308 3152 procerum

84 3176 143 3228 et
168 3171 462 3226 communis
489 3170 674 3240 populi
702 3173 971 3228 sententia
999 3185 1096 3242 pro
1126 3170 1322 3227 ottone
1351 3172 1521 3225 stetit.
1979 3193 1985 3200 ·

229 3260 315 3316 it.
383 3259 645 3318 nanticus
674 3273 788 3331 rex,
829 3262 1120 3316 constituta
1148 3273 1210 3315 re
1237 3257 1470 3330 publica,
1510 3258 1580 3314 ad
1616 3259 1803 3315 mortis
1844 3260 2225 3327 cogitationem
2253 3260 2312 3314 et

84 3359 272 3403 sacras
313 3360 472 3402 ouras
510 3360 716 3420 versus,
755 3348 942 3419 voluit,
982 3353 1041 3404 ut
1067 3346 1668 3417 Quideliugaburgensis
1703 3349 2132 3417 congregationis
2158 3347 2313 3402 initia

81 3434 460 3507 procederent,
502 3438 656 3505 quus
696 3441 1011 3494 structuram
1051 3452 1084 3493 a
1120 3435 1477 3493 fundamentis
1506 3439 1835 3493 excitaverat
1858 3438 1919 3494 in
1943 3434 2163 3506 praedio
2190 3443 2311 3506 sue,

83 3538 209 3581 eam
248 3527 310 3581 in
347 3538 459 3580 rem
509 3527 728 3596 reginae
768 3525 984 3581 donato.
1054 3524 1241 3595 itaque
1281 3539 1401 3579 cum
1441 3523 1689 3581 Diemote
1709 3523 2096 3608 winethusaua
2134 3521 2310 3579 abba-

80 3615 223 3670 tissa
256 3616 386 3668 tunc
415 3615 539 3685 egit,
582 3615 707 3684 quia
731 3612 968 3671 brevitas
997 3616 1252 3685 temporis
1279 3627 1472 3669 novam
1500 3615 1971 3682 congregationem
1995 3609 2176 3677 colligi
2201 3623 2314 3669 non

81 3699 404 3773 patiebatur,
430 3706 491 3759 ut
507 3704 946 3760 sanctimoniales
963 3703 1088 3760 inde
1107 3700 1646 3770 Quidelingaburgum
1664 3703 1967 3769 transirent,
1992 3702 2314 3770 praesertim

82 3805 208 3846 cum
250 3794 539 3861 constaret,
577 3792 635 3848 iu
673 3794 851 3864 priore
888 3792 1014 3848 loco
1055 3790 1124 3846 ob
1165 3790 1400 3862 inopiam
1441 3791 1560 3846 sine
1595 3792 1738 3859 regis
1774 3788 1976 3844 auxilio
2010 3787 2312 3857 regularem

81 3879 426 3950 disciplinam
443 3882 670 3944 servari
703 3895 812 3937 nou
837 3893 1019 3952 posse,
1060 3882 1121 3934 ut
1147 3891 1216 3935 ex
1241 3878 1535 3950 biographo
1560 3878 1831 3935 mathildis
1857 3876 2127 3949 discimus,
2166 3878 2312 3935 unde
2366 3876 2372 3884 ’

78 3967 359 4025 annalista
381 3970 571 4024 noster
595 3971 945 4040 transcripsit.
1014 3968 1222 4039 Nempe
1249 3969 1461 4039 quando
1487 3967 1813 4022 monasteria
1837 3979 1945 4020 uon
1974 3967 2108 4021 satis
2133 3965 2314 4022 dotata

79 4059 257 4128 erant,
295 4057 534 4124 virgines
575 4061 668 4113 aut
705 4056 951 4114 monachi
992 4056 1063 4113 de
1102 4071 1202 4113 suo
1242 4060 1333 4112 aut
1373 4070 1591 4112 suorum
1626 4053 1818 4126 opibus
1845 4053 2313 4111 sustentabantur:

77 4147 161 4201 ita
188 4143 528 4201 incidebatur
565 4147 622 4202 in
655 4145 841 4201 vitium
880 4147 1239 4217 proprietatis,
1275 4150 1332 4202 et
1356 4145 1503 4214 rigor
1527 4143 1728 4199 ordinis
1754 4141 2050 4199 laxabatur.
2120 4143 2204 4198 Ex
2228 4142 2315 4198 bis

73 4233 456 4305 intelligimus,
484 4236 951 4303 congregationem
979 4233 1620 4304 Quidelingaburgeusem
1658 4230 1923 4289 hactenus
1946 4232 2116 4301 magis
2144 4230 2316 4287 aflec-

77 4325 272 4394 tatam,
301 4336 460 4392 quam
485 4324 542 4380 in
575 4335 688 4380 rem
716 4322 1001 4402 deductam
1029 4322 1216 4393 ruisse,
1243 4322 1350 4379 etsi
1375 4322 1564 4378 aedem
1593 4335 1690 4379 rex
1714 4336 1748 4379 a
1774 4320 2132 4378 fundamentis
2160 4321 2318 4376 exci-
2390 4368 2397 4372 .

77 4412 226 4482 tarit,
262 4414 326 4466 ut
363 4409 632 4470 Ditmams
669 4415 913 4486 testatur.
984 4412 1095 4469 Sed
1133 4425 1203 4467 eo
1242 4423 1418 4484 usque
1450 4415 1558 4484 jam
1582 4423 1898 4484 processum
1926 4412 2027 4480 est,
2068 4413 2128 4465 ut
2153 4405 2316 4479 paulo
