2817 4959
692 321 1754 394 ANNALES.1MPER11
2203 324 2332 394 633

47 506 153 558 ius
193 500 585 571 succederet,
613 502 669 557 et
694 502 818 572 ipse
840 504 949 570 jam
975 499 1414 572 archiepiscopus
1441 512 1561 557 eum
1606 501 1886 557 ordinavit.
1958 498 2206 557 Veronae
2242 497 2326 556 illi
2349 498 2418 570 A,
2435 495 2578 568 953.

54 591 395 664 ppositus
433 593 550 644 erat
592 586 738 659 nito,
778 602 937 658 quem
978 593 1200 660 apparet
1226 588 1443 645 Milonis
1486 590 1584 644 viri
1622 592 1678 645 in
1715 603 1782 646 ea
1815 589 2040 659 regione
2076 588 2332 659 potentis,

47 680 148 736 :ub
206 678 578 745 Berengario
613 681 815 747 majore
856 683 913 733 et
951 678 1207 747 proximis
1245 676 1463 746 regibus
1517 678 1810 741 memorati,
1851 675 2015 732 illium
2045 675 2231 747 inisse,
2273 679 2333 732 et

47 768 399 824 {enricum
427 765 633 829 ducem,
670 767 727 819 in
754 768 907 834 cujus
942 765 1144 821 ditione
1182 770 1297 822 erat
1322 766 1553 835 Verona,
1580 765 1866 821 amicitiam
1893 763 2048 834 butus
2076 762 2331 820 factionis

54 858 154 914 uri
180 854 467 910 Ratherii
497 853 833 925 praetulisse,
863 865 1019 923 quem
1048 854 1166 908 sola
1190 855 1358 909 virtus
1387 856 1442 908 et
1474 851 1715 909 doctrina
1741 851 2158 909 commendabat.
2219 851 2331 909 Sed

47 956 157 1000 nec
192 942 428 998 Leodii
456 941 545 996 diu
573 941 728 1012 sedit,
758 940 908 996 fatali
936 941 1160 1012 quadam
1187 944 1473 998 aversione
1492 942 1663 1013 ipsius
1683 941 1830 1013 cleri,
1858 942 1950 1012 qui
1975 953 2199 997 severos
2229 941 2334 996 viri

47 1031 207 1090 nand
242 1030 415 1087 ultra
440 1028 606 1086 verba
626 1032 862 1100 potentis
903 1044 1079 1086 mores
1106 1043 1216 1086 non
1243 1029 1483 1086 terebat:
1517 1042 1624 1086 nec
1649 1043 1823 1086 rerum
1851 1029 2081 1085 dominis
2107 1029 2166 1084 in
2191 1029 2335 1100 ipsi-

47 1135 113 1178 us
167 1123 441 1191 gratiam
480 1118 720 1174 illustres
763 1116 998 1174 familias
1040 1117 1310 1173 offendere
1338 1116 1603 1190 placebat,
1633 1117 1827 1189 quibus
1854 1130 1918 1174 se
1945 1115 2120 1174 clerus
2147 1116 2329 1188 appli-

47 1208 258 1280 cabat,
304 1213 381 1263 ut
424 1206 492 1262 ab
520 1206 735 1262 bomine
775 1205 963 1261 odioso
1006 1208 1062 1262 et
1107 1218 1334 1261 censore
1363 1208 1474 1262 acri
1514 1207 1847 1263 liberaretur.
1920 1206 2095 1261 Bruno
2137 1209 2331 1275 postea

47 1296 281 1369 effecit,
316 1298 389 1351 ut
417 1295 666 1350 Veronae
692 1293 1016 1364 redderetur,
1044 1294 1141 1349 sed
1169 1307 1242 1350 ne
1268 1299 1396 1350 tunc
1423 1296 1635 1365 quidem
1656 1295 1879 1366 duravit,
1907 1294 2226 1363 tandemque
2266 1305 2333 1349 se

47 1388 115 1442 in
140 1384 572 1442 monasterium
599 1381 902 1438 Laubiense
929 1395 1099 1438 senex
1124 1384 1345 1455 recepit.
1416 1382 1496 1439 De
1524 1398 1630 1453 quo
1658 1383 1813 1439 infra.

214 1474 319 1529 21.
405 1471 595 1540 Itaque
628 1485 724 1541 pro
753 1470 999 1527 Ratberio
1027 1469 1381 1528 Leodiensem
1403 1471 1589 1527 sedem
1617 1477 1808 1542 postea
1837 1470 2067 1527 obtinuit
2085 1470 2333 1526 Balderi-

50 1576 185 1634 cue,
227 1558 548 1630 Ragenarii
588 1561 799 1616 comitis
826 1559 1122 1616 Montensis
1155 1572 1221 1616 ex
1247 1560 1409 1616 fratre
1436 1573 1626 1632 nepos.
1688 1557 1807 1615 Etsi
1842 1562 1987 1616 enim
2022 1558 2128 1614 boc
2166 1557 2331 1627 Rugi-

57 1654 231 1709 nario
276 1648 562 1705 Balderici
592 1646 854 1703 avunculo
883 1650 1155 1705 annitente
1184 1647 1381 1705 iactum
1408 1651 1610 1707 scribat
1635 1647 1917 1705 Albericus
1958 1647 2025 1703 ad
2053 1660 2101 1702 a.
2128 1645 2189 1701 D.
2209 1644 2332 1718 956,

61 1742 307 1795 constat
342 1744 548 1808 tamen,
577 1734 1042 1792 Gallicissantibus
1069 1737 1386 1793 avunculum
1405 1751 1572 1807 saepe
1601 1751 1697 1815 pro
1717 1742 1903 1808 patruo
1930 1736 2084 1806 poni3
2113 1739 2169 1790 et
2194 1748 2331 1790 con-

66 1830 333 1885 sentiunt
364 1824 614 1897 plerique
649 1824 806 1894 hujus
834 1826 1018 1896 stirpis
1047 1825 1234 1882 fuisse.
1269 1825 1385 1882 Jam
1415 1841 1463 1882 a.
1493 1826 1553 1882 D.
1575 1825 1679 1884 956
1707 1824 1890 1881 Leodii
1910 1825 2138 1896 sedisse,
2162 1822 2341 1878 disci-¹

71 1930 202 1973 mus
225 1931 305 1972 ex
341 1915 472 1970 Vita
486 1913 540 1969 S.
558 1911 797 1985 liuberti,
812 1912 904 1969 ubi
930 1913 1198 1986 scribitur,
1213 1915 1547 1971 Baldericum
1568 1915 1883 1986 episcopum
1901 1927 2021 1969 cum
2034 1912 2333 1983 Regenario

76 2005 345 2076 principe
383 2008 452 2070 ,et
492 2001 795 2058 Giselberto
842 2005 1037 2060 comite
1076 2003 1331 2062 Lassensi
1374 2003 1514 2075 apud
1541 2004 1841 2059 Brunonem
1883 2004 2080 2072 egisse,
2120 1999 2336 2070 quando

76 2107 278 2150 comes
329 2089 640 2161 Stephanus
686 2091 1029 2148 donationem
1066 2095 1291 2150 contulit
1333 2095 1387 2149 in
1429 2090 1718 2149 ecclesiam
1756 2091 1811 2147 S.
1849 2089 2071 2146 Huberti
2111 2090 2166 2144 in
2192 2087 2338 2143 saltu

82 2182 439 2237 Arduennae.
513 2177 731 2235 obiisse
771 2179 1021 2240 scribitur
1065 2194 1114 2238 a.
1152 2182 1213 2238 D.
1252 2181 1376 2238 959.
1457 2181 1747 2237 Butkenius
1789 2179 2004 2235 tratrem
2044 2176 2336 2233 Giselberti

84 2268 534 2326 Lethariensium
577 2266 727 2324 ducis
768 2281 937 2341 saepe
976 2269 1134 2326 nobis
1171 2272 1451 2327 memorati
1488 2269 1618 2325 iacit
1650 2267 1985 2337 Raginarium
2023 2266 2334 2337 principem,

88 2358 350 2428 episcopi
398 2371 467 2412 ex
509 2355 673 2413 fratre
714 2362 983 2428 nepotem.
1057 2357 1210 2423 Quod
1269 2362 1455 2415 contra
1497 2372 1639 2430 esse,
1687 2370 1755 2413 ex
1799 2356 2043 2412 Alberico
2093 2354 2335 2423 colligas.

90 2445 466 2515 Baginarium,
496 2447 587 2514 qui
612 2460 755 2501 nunc
783 2446 959 2502 floruit
985 2450 1211 2517 (postea
1240 2461 1272 2503 a
1299 2448 1546 2504 Brunone
1573 2448 1630 2502 in
1670 2443 1886 2501 vincula
1927 2447 2205 2514 conjectus
2234 2441 2339 2497 de-

88 2531 509 2605 portatusque),
530 2530 818 2589 Giseiberti
847 2533 1012 2590 fratre
1039 2538 1270 2604 genitum
1300 2534 1489 2606 fuisse,
1517 2536 1808 2590 Butkenins
1838 2535 2039 2604 statuit,
2068 2532 2159 2602 qui
2177 2529 2338 2586 nobis

96 2618 440 2691 Ragenarios
469 2617 801 2690 multiplicat,
829 2624 1065 2694 secutus,
1086 2626 1142 2677 ut
1168 2623 1394 2690 videtur,
1424 2625 1759 2678 autoritatem
1777 2620 2058 2677 witikindi
2085 2620 2213 2691 (qui,
2240 2616 2338 2673 ubi

98 2711 172 2767 de
218 2713 397 2766 morte
441 2705 746 2780 Giselberti,
784 2714 1012 2778 nepotes
1055 2710 1344 2778 memorat)
1370 2716 1426 2766 et
1452 2709 1737 2780 sigeberti,
1780 2710 1870 2780 qui
1911 2708 1979 2764 ad
2021 2722 2070 2763 a.
2114 2707 2175 2762 D.
2211 2705 2336 2765 959.

104 2798 463 2868 Ragenarium
489 2796 630 2852 bunc
658 2795 943 2852 Giselberti
973 2812 1079 2853 non
1105 2796 1339 2869 tratrem,
1368 2799 1467 2855 sed
1495 2801 1945 2867 consanguineum
1969 2799 2144 2851 vocat.

249 2886 339 2943 22.
414 2884 767 2942 Contictorum
810 2885 1154 2957 diplomatum
1195 2885 1387 2941 dudum
1428 2900 1554 2942 reus
1596 2891 1844 2958 peractus
1887 2889 1972 2940 est
2014 2883 2333 2939 Franciscus

112 2976 383 3046 RescriuS,
420 2988 602 3045 neque
643 2978 760 3045 ejus
798 2989 966 3045 nugas
995 2978 1329 3047 attingerem,
1373 2978 1480 3032 nisi
1520 2974 2028 3043 animadvertissem,
2055 2971 2337 3027 Martinum

109 3065 382 3135 Magerum
410 3064 851 3134 jurisconsultum
881 3065 1093 3122 doctum
1118 3065 1175 3122 in
1202 3066 1533 3122 Advocatiae
1570 3067 1805 3121 armatae
1834 3076 1998 3134 opere
2025 3061 2133 3117 tale
2163 3061 2337 3116 docu-

119 3159 345 3210 mentum
375 3166 467 3223 pro
489 3157 723 3223 genuino
752 3153 1054 3218 adduxisse,
1082 3168 1189 3211 non
1214 3156 1489 3210 nominato
1518 3158 1720 3225 autore,
1741 3152 1881 3222 quod
1912 3165 1980 3208 ex
2008 3150 2108 3206 hac
2122 3148 2337 3205 otlicina

120 3255 261 3314 esse,
274 3244 454 3297 statim
475 3244 683 3311 conjeci
701 3256 713 3309 ;
735 3246 792 3297 et
808 3242 924 3298 Job.
948 3241 1244 3299 Conradum
1262 3242 1585 3299 Dietericum
1600 3245 1655 3297 in
1670 3242 1830 3298 rebus
1849 3239 2060 3296 ottonis
2076 3238 2251 3307 Magni
2267 3251 2335 3293 eo

123 3344 288 3401 usum,
300 3335 357 3387 ut
373 3330 560 3386 ostend
568 3334 698 3401 eret,
715 3329 965 3388 Ottonem
980 3336 1103 3389 ante
1117 3333 1404 3388 Romanam
1420 3334 1818 3388 coronationem
1837 3333 2214 3400 imperatorem
2232 3341 2333 3397 ap-

127 3420 392 3490 pellatum.
419 3419 475 3475 Id
497 3433 624 3490 ergo
647 3422 863 3477 critices
879 3422 1048 3489 gratia
1068 3423 1191 3478 etin
1206 3423 1479 3491 specimen
1497 3419 1930 3491 examinabimus,
1944 3433 2065 3474 nam
2079 3418 2125 3472 si
2141 3416 2335 3485 genui-

129 3523 249 3565 num
275 3513 435 3580 esset,
458 3508 527 3564 ad
552 3509 710 3579 hujus
725 3512 848 3566 anni
870 3513 1066 3566 exitum
1084 3511 1388 3583 pertineret,
1408 3523 1586 3581 neque
1602 3511 1740 3564 enim
1754 3508 2052 3564 Fridericus
2068 3512 2123 3561 et
2140 3504 2335 3575 Bruuo,

133 3598 233 3651 nisi
253 3596 352 3652 boc
373 3609 512 3652 anno
535 3604 722 3667 quarto
746 3597 860 3654 Kal.
882 3598 1093 3654 Januar.
1138 3599 1294 3654 simul
1324 3598 1717 3669 archiepiscopi
1746 3599 1912 3654 ruere.
1955 3594 2078 3649 Otto
2115 3594 2166 3649 d.
2195 3591 2241 3661 f.
2268 3594 2336 3650 ct.

137 3683 489 3741 Romanorum
523 3700 629 3742 rea·
655 3693 706 3743 et
731 3693 1026 3760 imperator
1050 3688 1414 3758 (insolitum).
1436 3730 1449 3743 .
1470 3727 1485 3742 .
1523 3692 1813 3758 coynoscat
1837 3684 2070 3757 (inquit)
2098 3684 2337 3738 omniurn

136 3770 351 3840 fidetium
375 3778 690 3831 nostrorum
715 3781 1019 3850 conventus,
1038 3778 1271 3848 qualiter
1298 3792 1422 3833 nos.
1442 3818 1458 3834 .
1478 3818 1492 3833 .
1525 3778 1786 3832 adeuntes
1802 3774 2189 3845 Mayuntiensis
2219 3775 2338 3841 epi-

139 3875 318 3932 scopus
329 3863 637 3920 Fridericus
646 3867 698 3919 et
707 3865 891 3936 frater
900 3870 1083 3921 noster
1096 3865 1358 3922 Henrieus
1369 3866 1627 3938 sitnutque
1641 3864 1981 3919 Her-mannus
1992 3865 2092 3933 (an
2108 3863 2213 3917 dux
2227 3862 2334 3917 Sa-

142 3953 315 4008 xoniae
328 3953 404 4022 ?).
426 3994 440 4007 .
462 3995 475 4008 .
501 3955 778 4024 deprecati
786 3958 927 4025 sunt,
948 3960 1009 4009 ut
1024 3956 1282 4011 ecclesiae
1302 3956 1356 4010 S.
1373 3956 1522 4011 Petri
1538 3955 1865 4009 Trevirensis
1882 3967 1951 4008 ac
1976 3949 2123 4020 fideti
2147 3956 2337 4007 nostro

144 4036 352 4096 lieberto
371 4044 609 4109 ejusdem
625 4043 767 4098 sedis
784 4044 1242 4115 archiepiscopo
1262 4047 1662 4101 restitueremus
1682 4042 1952 4098 abbatiam
1969 4043 2024 4097 S.
2042 4042 2278 4096 servatii

151 4139 370 4194 quam...
394 4129 846 4186 absentaremus..
868 4173 881 4186 .
922 4132 1285 4190 Restitunnus.
1305 4174 1322 4190 .
1342 4175 1355 4189 .
1392 4148 1467 4190 ex
1495 4135 1611 4188 toto
1641 4134 1961 4189 innovantes
1987 4131 2337 4186 autoritatem

145 4217 588 4279 praedecessorum
613 4234 799 4291 repam
822 4225 1151 4295 nostrorum,
1176 4222 1422 4279 videlieet
1446 4220 1674 4294 Arnum,
1695 4220 2059 4287 Zuentebutdi,
2077 4219 2340 4276 Ludovt'ct‘

155 4303 201 4354 et
226 4303 409 4361 Caroli.
433 4350 446 4362 .
468 4349 481 4363 .
507 4310 919 4379 praedictarum
945 4312 1297 4368 ecclesiarum
1322 4313 1691 4368 constituimus
1718 4315 1996 4379 rectorem,
2013 4312 2341 4366 advocatum

155 4393 197 4442 et
220 4399 557 4459 protectorem
587 4398 925 4469 (insolitum)
954 4400 1217 4455 illustrem
1240 4400 1432 4457 ducem
1451 4401 1723 4458 dommum
1740 4402 2057 4473 Biytmirum
2074 4401 2343 4470 (ignotum

157 4488 335 4554 nomen,
359 4488 705 4546 nominandus
735 4493 884 4546 esset
925 4487 1288 4562 Baginerius),
1324 4490 1499 4550 bonae
1519 4493 1809 4564 yravttate
1835 4507 1903 4548 ac
1929 4491 2141 4550 virtutis
2167 4490 2341 4544 virum
