2817 4959
625 276 1160 347 ANNALES
1230 279 1685 351 IMPERII
2142 290 2271 355 129

0 456 309 531 {pu-lae
328 451 637 525 monam,
655 467 725 509 an
740 467 842 525 per
857 453 1197 513 Arduennam
1214 456 1466 514 Treviros
1494 459 1951 531 petituriossenn
1978 473 2051 518 an
2065 464 2265 521 nostris
2300 462 2368 535 Λ.
2387 463 2513 535 8013

0 548 305 615 ndentes,
357 543 704 601 transvadata
749 542 920 615 Mosa,
967 558 1116 601 mare
1161 548 1218 601 et
1256 543 1490 602 classem
1532 550 1827 619 repetituri.
1900 550 2165 622 Quicquid
2212 553 2271 609 id

0 638 177 709 oet,
204 634 437 705 placuit
464 632 531 688 ad
557 632 769 689 bostem
797 633 999 689 accedi.
1072 633 1235 689 Rivns
1283 637 1368 689 est
1414 633 1583 707 Galia,
1630 638 1718 707 qui
1764 637 1925 708 paulo
1968 638 2107 697 infra
2135 641 2272 698 Tra-

0 730 215 781 actam
275 726 338 778 in
382 722 617 777 dextram
656 720 843 777 Mosae
885 724 1054 791 ripam
1100 724 1404 792 cognomini
1446 722 1571 779 loco
1608 725 1811 792 inlluit;
1859 740 2018 799 supra
2056 730 2270 799 adjacet

0 813 426 881 raskeburgu-
475 814 721 867 castrum.
811 810 891 866 Ad
935 808 1078 866 bunc
1121 814 1289 867 rivum
1339 825 1459 889 cum
1507 812 1697 869 Franci
1741 816 2038 887 venissent,
2088 819 2268 890 credo,

0 912 41 958 ι
100 902 348 959 hostem
395 899 734 971 Aquisgrano
776 901 837 955 et
878 897 1104 956 Colonia
1147 882 1509 973 prohiberent,
1554 915 1855 973 apparuere
1900 904 2272 974 speculatores

0 993 491 1058 Εοτιιιιιιιοηιιις
520 1001 655 1058 quos
684 1002 803 1043 cum
830 987 1129 1056 multitudo,
1158 989 1475 1045 inconsultis
1504 989 1745 1062 ducibus,
1774 991 2115 1049 tumultuarie
2142 1009 2273 1064 per-

0 1086 375 1152 iequeretur,
402 1076 642 1150 pediturn
669 1079 868 1132 turmas
895 1078 952 1133 in
977 1077 1203 1146 quadam
1221 1076 1407 1133 villula
1434 1077 1721 1148 offendunt,
1749 1093 1888 1149 quae
1917 1081 2273 1151 conglobatae

0 1170 178 1227 laefle
211 1168 540 1225 inconditos
566 1169 869 1221 nostrorum
896 1167 1126 1235 impetus
1157 1165 1418 1235 frangunt.
1456 1165 1654 1223 Audito
1681 1168 1933 1242 clamore,
1961 1173 2273 1242 supervenit

0 1260 238 1316 hastilis
265 1259 578 1327 equitatus:
606 1255 780 1309 nostri
806 1253 1052 1323 palantes
1080 1254 1387 1311 caeduntur.

117 1348 251 1409 Αἱ.
331 1343 422 1401 lbi
451 1343 650 1399 cecidit
676 1342 1040 1398 sunderoldus
1067 1342 1410 1411 Moguntinus
1458 1346 1766 1418 episcopus,
1806 1349 1866 1404 et
1906 1360 2027 1403 cum
2068 1359 2136 1404 eo
2161 1346 2273 1403 Ar-

0 1436 201 1493 nir-s
254 1446 474 1489 comes.
555 1430 825 1487 Credibile
868 1436 974 1500 est,
1023 1444 1144 1487 eum
1190 1444 1332 1504 esse,
1377 1447 1539 1503 quem
1588 1434 1813 1491 Carolus
1855 1435 1919 1490 Π.
1964 1438 2269 1510 imperator,

5 1525 233 1581 ltaliam
261 1522 555 1593 petiturus,
582 1520 854 1575 Ludovico
883 1518 994 1575 filio
1022 1520 1089 1574 ad
1116 1520 1320 1577 Mosam
1349 1522 1649 1593 accedenti,
1678 1539 1797 1599 cum
1824 1522 2096 1582 Francone
2123 1525 2271 1582 Leo-

5 1615 202 1670 OEensi
246 1613 521 1683 episcopo
566 1608 957 1679 comitibusque
987 1607 1308 1681 Gisleberto,
1334 1609 1583 1667 Matfrido
1627 1611 1856 1684 aliisque
1881 1613 2081 1670 adesse
2108 1614 2271 1682 iube-

9 1703 129 1759 bat.
218 1701 519 1758 Nor-anni
559 1699 786 1754 victoria
825 1700 1001 1769 petiti,
1036 1704 1221 1754 castra
1262 1698 1422 1754 bonis
1463 1700 1711 1757 omnibus
1753 1700 1954 1759 referta
1998 1701 2269 1774 diripiunt,

7 1792 322 1860 caesique
352 1790 597 1860 captivis,
641 1790 848 1843 onerati
883 1787 1083 1858 praeda
1121 1787 1190 1842 ad
1218 1786 1452 1842 classem
1477 1793 1828 1845 revertuntur.
1898 1790 2048 1847 Haec
2073 1790 2123 1847 6.
2151 1791 2268 1848 Kal.

11 1880 144 1936 lul.
190 1884 344 1947 acta3
375 1879 598 1934 tametsi
638 1876 871 1931 Treviris
913 1878 1222 1931 memoriam
1263 1873 1569 1930 Siuderoldi
1610 1879 1661 1932 5.
1689 1876 1804 1933 Kal.
1832 1877 1938 1934 Jul.
1982 1881 2269 1948 quotannis

15 1969 308 2036 renovari,
333 1967 616 2021 Browerus
658 1964 873 2020 scribat.
943 1963 1010 2019 Ei
1052 1965 1319 2019 successit
1357 1963 1518 2019 Hatto
1559 1964 1847 2034 Augiensis
1888 1965 2073 2037 abbas,
2115 1970 2268 2035 cujus

19 2057 424 2129 paspicaciam
459 2057 571 2123 jam
613 2059 724 2109 tum
764 2055 1053 2125 scriptores
1093 2051 1325 2108 landant.
1398 2051 1590 2121 magna
1633 2052 1829 2109 deinde
1871 2055 1927 2110 in
1966 2068 2131 2123 regno
2167 2057 2270 2111 viri

0 2148 296 2218 1autoritas
321 2142 443 2199 fuit.
497 2142 742 2199 Obscura
771 2154 971 2211 genere
990 2145 1170 2197 natum
1200 2146 1257 2197 et
1285 2141 1537 2201 callidum
1566 2139 1768 2201 faciunt
1798 2142 2063 2199 annalista
2081 2149 2270 2201 noster

0 2255 1 2308 ῃ
27 2237 429 2304 mnscripms
445 2231 482 2269 0
508 2232 575 2287 ad
603 2232 653 2287 h.
691 2246 737 2288 a.
766 2237 823 2288 et
850 2231 1017 2288 abbas
1054 2231 1438 2301 Urspergensis
1468 2231 1535 2287 ad
1562 2246 1611 2286 a.
1639 2230 1702 2287 1).
1728 2231 1850 2288 893.
1923 2230 2031 2287 Sed
2058 2246 2269 2306 vereor,

0 2313 98 2381 *ue
123 2324 254 2395 quid
298 2323 431 2377 odio
471 2320 650 2376 datum
692 2323 780 2391 sit,
822 2333 890 2375 ex
928 2318 1083 2374 falsis
1122 2319 1424 2400 rumoribus
1467 2322 1616 2377 nato.
1684 2319 2007 2377 Suaderoldi
2041 2325 2265 2378 mertem

36 2416 190 2470 eua-
213 2410 599 2479 necrologium
631 2409 902 2465 Fnldense
926 2410 984 2463 in
1010 2406 1149 2462 bunc
1179 2421 1372 2463 annum
1399 2406 1584 2464 refert.

165 2501 254 2557 12.
331 2500 467 2567 Rex,
504 2500 596 2568 qui
621 2500 851 2566 majores
878 2499 1023 2552 vires
1051 2496 1417 2567 contrahebat,
1454 2497 1633 2553 audita
1659 2510 1875 2553 suorum
1904 2503 2085 2569 strage
2112 2513 2267 2556 com-

33 2593 218 2659 aas,
249 2590 370 2645 tota
395 2589 454 2642 in
476 2585 687 2643 hostem
716 2585 863 2642 mele
891 2585 1181 2641 contendit.
1215 2584 1565 2646 Allemannos
1592 2588 1773 2643 tamen
1799 2587 2012 2643 domum
2038 2588 2267 2659 redisse,

37 2678 296 2735 malista
342 2675 629 2732 Fuldensis
673 2674 850 2744 tradit,
896 2675 1038 2743 quod
1083 2671 1255 2730 morbi
1295 2675 1440 2728 inter
1477 2686 1574 2729 eos
1616 2680 1997 2742 grassarentur.
2067 2676 2266 2732 Audito

38 2766 230 2824 auulsi
259 2766 517 2835 adventu,
542 2763 753 2819 barbari
779 2765 1038 2819 revocant
1061 2774 1190 2817 suos
1218 2762 1275 2817 in
1299 2761 1554 2834 praedam
1580 2776 1812 2833 sparsos,
1856 2766 1913 2818 et
1946 2776 2118 2833 prope
2156 2762 2269 2819 Lo-

39 2859 243 2913 rani-n
289 2851 622 2921 conglobati,
679 2851 745 2907 ad
791 2850 1029 2907 Tbielam
1077 2850 1272 2908 flumen
1315 2851 1664 2905 munitionem
1718 2849 1939 2919 sepibus
1987 2850 2057 2906 de
2099 2863 2267 2923 more,

43 2950 284 3017 terraque
308 2946 535 3012 aggesta
561 2942 862 3011 excitatam,
891 2941 1084 2995 castris
1112 2940 1225 2993 suis
1254 2938 1623 3009 praetendunt.
1694 2938 1896 2994 Aderat
1927 2951 2035 2993 non
2064 2941 2268 2995 tantum

41 3037 318 3104 ιιι-εισι·
346 3029 844 3102 septentrionalium
871 3030 1176 3099 promiscua
1204 3026 1484 3098 colluvies,
1524 3026 1622 3081 sed
1662 3027 1825 3082 etiam
1850 3040 1922 3083 ex
1948 3028 2069 3099 ipsa
2093 3026 2267 3084 Dania

45 3123 130 3179 hs
165 3128 423 3191 virorum,
466 3133 687 3190 qnorum
731 3116 986 3173 fortitudo
1024 3113 1175 3171 nullo
1216 3116 1273 3172 in
1307 3116 1635 3171 munimento
1675 3114 1933 3173 hactenus
1963 3121 2264 3186 expugnata

47 3210 322 3268 dicebatur.
397 3208 469 3263 At
503 3221 632 3278 pars
675 3204 867 3262 melior
895 3204 1216 3261 Francorum
1244 3205 1512 3274 equestris
1541 3206 1671 3275 erat,
1699 3209 1756 3260 ut
1783 3205 1963 3263 solent
1989 3205 2265 3262 lautiores.

45 3298 159 3356 lla-
183 3307 317 3357 tanc
344 3297 505 3369 plebs
531 3295 672 3367 vilis,
699 3296 842 3365 agris
869 3293 1099 3364 addicta,
1139 3307 1401 3350 nnumin
1442 3292 1558 3350 fere
1586 3308 1688 3349 usu
1721 3293 2118 3365 prohibebatur,
2155 3307 2264 3350 nec

45 3389 390 3445 conductitius
408 3384 568 3442 miles
585 3383 950 3455 usurpabatur.
978 3381 1108 3452 Rex,
1129 3381 1445 3439 transmisso
1463 3395 1637 3450 amne,
1654 3381 1832 3437 locum
1852 3382 2024 3437 oculis
2046 3382 2261 3438 lustrat:

47 3478 188 3547 ridet,
233 3480 419 3533 castra
456 3473 689 3530 bostium
729 3473 960 3543 flumine,
999 3469 1299 3542 paludibus,
1344 3470 1490 3527 vallo
1530 3470 1766 3541 defendi,
1806 3469 1984 3526 nullas
2024 3472 2264 3540 equitum

47 3572 206 3635 partes
237 3579 388 3622 esse.
457 3562 719 3618 Assidere
743 3562 833 3617 diu
854 3575 964 3617 non
990 3559 1255 3632 placebat.
1325 3559 1475 3630 Nam,
1514 3564 1575 3614 nt
1608 3563 1736 3614 tunc
1776 3558 1966 3615 militia
1991 3562 2124 3629 erat,
2160 3572 2265 3614 an-

47 3658 256 3713 main
279 3655 500 3722 longum
525 3665 638 3708 non
661 3649 999 3722 suppetebat,
1027 3653 1084 3707 et
1107 3649 1398 3717 ingluviem
1425 3646 1598 3702 morbi
1625 3646 2003 3719 sequebantur.
2042 3645 2263 3705 Barbari

3 3724 6 3769 ἶ
48 3745 160 3801 nm
188 3740 507 3812 irridebant,
535 3746 591 3797 et
618 3738 842 3810 Goliam,
871 3737 1078 3795 Guliam
1104 3724 1520 3807 ingeminabant.

3 3774 6 3871 ι
163 3832 258 3888 13.
329 3829 504 3913 Ergo
515 3831 830 3885 concionem
869 3833 1061 3897 vocat3
1101 3825 1339 3883 ostendit
1378 3825 1448 3883 de
1487 3826 1787 3897 propinquo
1822 3827 2017 3895 impios
2044 3824 2261 3893 hostes3

3 3922 258 3988 quaem,
300 3932 378 3973 an
400 3917 503 3973 Dei
530 3919 794 3988 iniuriam,
831 3930 900 3972 an
940 3914 1318 3972 contumeliam
1357 3913 1699 3986 Francorum,
1738 3929 1809 3971 an
1846 3916 2264 3986 propinquorum

48 4010 350 4079 sanguinem
377 4004 572 4062 ulcisci
596 4005 807 4062 velint?
878 4002 1138 4060 Omnibus
1164 4002 1603 4075 acclamantibus,
1626 4008 1688 4060 nt
1714 4003 1949 4076 duceret,
1974 4006 2035 4061 ut
2059 4006 2263 4076 impetu

51 4097 222 4153 nimis
247 4097 523 4151 uteretur:
562 4094 729 4166 Ergo,
759 4095 948 4164 inquit,
977 4092 1404 4148 dammam
1429 4096 1508 4147 est
1531 4094 1696 4165 equis,
1722 4107 1949 4163 quorun
1974 4093 2155 4149 nauus
2176 4094 2264 4149 laio

50 4200 164 4241 aas
207 4190 304 4241 eu.
376 4181 1047 4255 figentur-pedena&
1089 4182 2262 4255 mmmmnaupraeferenten.

49 4271 184 4329 'ralia
220 4274 426 4330 dicenti
463 4273 580 4342 pari
608 4285 800 4327 onnes
824 4269 1013 4327 ardore
1042 4269 1398 4342 applaudunt3
1439 4268 1695 4327 desiliunt
1731 4272 1904 4344 equis,
1944 4274 2264 4342 promovent

55 4362 271 4429 gradum.
341 4361 497 4417 Passi
523 4365 704 4417 tamen
729 4374 837 4415 noa
866 4361 1006 4432 sunt,
1039 4364 1099 4416 ut
1131 4372 1230 4418 rex
1263 4359 1533 4431 praeiret3
1579 4363 1635 4419 et
1688 4362 1848 4433 periti
1890 4360 2262 4418 necessarium

98 4468 146 4522 Ψ)
169 4467 505 4523 anselmus
530 4469 744 4533 mie
773 4466 977 4511 Beue-t.

135 4565 388 4601 anans
417 4565 647 4601 runnu
675 4566 799 4600 rou.
821 4553 884 4601 11.
1796 4543 1836 4605 9
