2817 4959
564 337 1094 407 ANNALES
1162 327 1615 407 IMPERII
2067 340 2192 406 613

27 524 120 583 [ue
153 509 232 565 ab
267 512 474 566 autore
495 512 840 584 dissentiam,
865 512 1029 569 multa
1055 528 1172 570 cum
1193 513 1411 570 honoris
1440 513 1789 584 praefatione,
1817 526 1886 570 ne
1914 527 2192 586 purpuram
2221 515 2284 581 A,
2309 514 2440 583 951,

27 614 43 654 ³
86 612 261 655 suam
310 599 626 657 maculasse
664 601 906 657 videatur
945 606 1097 672 (nam
1126 608 1182 658 et
1207 601 1420 658 Petrum
1460 603 1598 657 inter
1631 601 1899 659 Romanae
1926 601 2196 658 ecclesiae

27 688 251 744 dinales
298 685 600 759 referunt),
641 692 899 762 agnoscit,
944 690 1259 747 mollissime
1289 690 1536 760 loquens,
1573 705 1682 746 non
1715 703 1841 746 esse
1881 688 2016 746 baec
2052 688 2195 760 talia,

29 790 65 832 e
96 779 157 831 in
186 775 432 848 dubium
462 777 639 832 vocari
666 790 773 832 non
800 779 1038 847 possint:
1070 778 1321 836 ottonem
1349 779 1439 834 die
1467 783 1814 848 pentecostes
1845 782 1900 834 et
1927 779 1981 832 in
2009 779 2197 835 eccle-

34 864 261 935 obisse‚
311 878 347 918 a
392 866 623 919 veritate
663 864 978 922 abhorrere:
1030 871 1243 923 caetera
1273 866 1551 938 multiplici
1581 867 1789 923 ratione
1823 866 2194 922 verisimilitu-

27 965 51 1007 e
80 964 311 1007 carere.
380 951 567 1022 Nemo,
587 954 772 1024 inquit,
786 956 1042 1025 prodidit,
1062 955 1398 1011 Adetlaeidcm
1408 955 1583 1026 fuisse
1605 959 1953 1011 commatrem
1975 954 2198 1026 onom,

46 1043 158 1095 etei
178 1039 422 1110 suisset,
466 1040 769 1096 debuissent
794 1042 925 1098 hacc
950 1045 1108 1098 initio
1135 1044 1314 1114 objici,
1339 1059 1453 1099 non
1478 1046 1611 1116 aeni,
1639 1049 1690 1099 et
1714 1046 1797 1099 tot
1821 1057 1894 1097 ea:
1918 1043 2202 1098 Ademeide

27 1143 242 1183 rorum
263 1129 459 1197 patri.
531 1127 716 1198 ltaque
744 1129 994 1198 Sigonius
1023 1135 1375 1188 commentum
1404 1138 1702 1188 commento
1732 1136 1937 1201 tegens,
1969 1145 2040 1187 ne
2067 1145 2198 1201 per-

27 1224 93 1288 at,
127 1217 245 1271 hoe
292 1214 661 1272 wilhelmum·
677 1220 872 1288 statim,
914 1225 985 1274 ut«
999 1220 1215 1291 praesul
1243 1218 1416 1276 factus
1446 1226 1546 1291 est,
1589 1223 1768 1289 egisse
1796 1222 2028 1290 scripsit,
2058 1219 2197 1275 baud

27 1305 311 1376 pendens,
348 1307 577 1359 caetera
604 1319 709 1382 npn
740 1304 1046 1379 cohaerere,
1076 1322 1192 1362 cum
1220 1309 1425 1364 multos
1449 1315 1573 1379 post
1601 1323 1770 1364 annos
1801 1309 2113 1379 episcopum
2141 1313 2201 1363 et

27 1408 192 1451 onem
226 1391 540 1450 defunctos
569 1396 795 1449 constet.
869 1395 935 1449 At
962 1394 1146 1451 Petrus
1178 1395 1417 1452 Damiani
1453 1411 1565 1453 rem
1604 1397 1678 1454 ita
1717 1402 1909 1468 narrat,
1948 1401 2200 1467 tanquam

29 1483 69 1539 td
119 1480 298 1539 dubie
351 1480 599 1536 vindicta
647 1479 927 1554 abfuisset,
977 1484 1190 1541 scilicet
1233 1499 1407 1544 rerum
1453 1490 1857 1556 temporumque
1902 1486 2198 1556 imperitus.

27 1570 165 1642 edit,
211 1569 371 1641 quod
401 1571 549 1639 ipse-
564 1569 880 1626 Willielmus
909 1570 1159 1627 ottonem
1195 1572 1487 1627 secundum
1517 1586 1585 1629 ex
1612 1572 1714 1627 boc
1742 1573 1991 1641 conjugio
2017 1576 2199 1627 natum

27 1662 202 1731 mavit,
247 1664 306 1715 et
348 1663 441 1713 ut·
469 1656 737 1712 dominum
779 1659 958 1714 coluit.
1032 1660 1278 1730 Denique
1316 1666 1465 1715 tanta
1505 1673 1611 1731 res,
1652 1674 1789 1730 quae
1832 1660 2048 1715 silentio
2088 1661 2199 1727 tegi

27 1752 314 1820 ipoterat,
345 1747 399 1801 si
438 1759 566 1801 vera
597 1750 758 1817 esset,
794 1744 861 1801 ab
892 1746 1070 1815 aliquo
1100 1751 1218 1816 ejus
1247 1749 1502 1818 temporis
1531 1753 1718 1808 autore
1747 1749 1959 1818 scriptis
1989 1748 2201 1819 prodita

27 1843 159 1893 sset.
250 1835 420 1891 Haec
464 1833 768 1904 cardinum,
820 1836 909 1903 qui
950 1835 1147 1891 addere
1188 1842 1414 1908 poterat,
1461 1838 1728 1892 neminem
1770 1841 1849 1891 tot
1886 1839 2200 1907 scriptorum

27 1938 39 1979 ι
75 1925 439 1995 moguntinas
483 1922 849 1988 attingentium
895 1925 1175 1992 quicquam
1217 1938 1445 1994 unquam
1483 1924 1551 1980 de
1585 1923 1857 1980 Wilbelmi
1893 1926 2205 1994 captivitate

27 2012 289 2069 totl'ensa
314 2010 687 2082 qualicunque
716 2010 938 2067 dixisse.
1011 2011 1079 2066 Et
1118 2017 1295 2069 tamen
1335 2011 1591 2068 Emanuol
1629 2011 1931 2068 Thesaurus
1971 2014 2026 2067 in
2062 2010 2200 2068 libro

44 2116 213 2172 regno
245 2100 448 2157 ltaliae
477 2097 712 2154 tabulam
739 2101 960 2171 recoxit,
1006 2102 1216 2172 iniquus
1243 2102 1430 2170 utique
1458 2100 1836 2171 Transalpinis,
1866 2106 1920 2156 et
1948 2100 2201 2171 quicquid

29 2203 127 2247 eos
147 2195 343 2261 potest
373 2192 627 2259 captans3
667 2186 1041 2258 frigidissimae
1069 2194 1280 2245 caetera
1307 2190 1545 2259 argutiae
1564 2191 1806 2260 scriptor,
1844 2194 1900 2246 et
1919 2194 2202 2260 corruptae

27 2281 304 2349 »quentiae
347 2277 632 2348 specimen
669 2278 877 2345 iugens.
950 2278 1248 2334 Annotator
1271 2277 1410 2333 haec
1435 2276 1694 2333 historiae
1723 2277 2201 2335 dehonestamenta

27 2371 135 2423 ntra
180 2367 483 2423 Bar-onium
513 2366 648 2420 tueri
676 2378 839 2421 ausus
868 2370 981 2432 est;
1023 2366 1198 2422 valida
1226 2367 1434 2421 ratione
1462 2366 1687 2436 scilicet,
1716 2369 1840 2435 quia
1869 2367 2050 2422 multis
2077 2381 2198 2422 cum

27 2457 382 2516 munstaums
420 2459 717 2524 narrentur,
756 2455 898 2524 quod
928 2460 1105 2511 tamen
1133 2453 1358 2511 solenne
1386 2453 1784 2511 mentientibus.
1859 2452 1984 2526 lpse
2011 2460 2202 2510 suetus

27 2546 54 2599 ti
100 2546 426 2602 vanissimis
487 2541 762 2596 autoribus
809 2548 863 2598 et
906 2542 1197 2598 levissimis
1245 2541 1556 2613 rationibus,
1615 2555 1888 2600 carcerem
1932 2542 2204 2599 willielmi

27 2645 207 2703 *quam
260 2645 377 2687 rem
428 2632 633 2683 certam
679 2643 773 2698 pro
824 2634 1135 2696 argumento
1181 2627 1359 2698 sumit,
1405 2642 1564 2699 quem
1608 2631 1855 2698 nuspiam
1905 2630 2012 2684 nisi
2059 2630 2202 2699 apud

27 2723 194 2778 menti
241 2721 410 2790 hujus
460 2717 754 2786 scriptores
797 2717 1078 2772 invenerit.
1160 2714 1335 2771 Simili
1380 2720 1682 2774 commento
1729 2714 1983 2772 Ludovici
2027 2717 2106 2771 Pii
2145 2720 2203 2772 et

30 2812 139 2865 ‚oris
180 2809 387 2866 famam
429 2810 719 2873 nugatores
761 2806 979 2875 quidam
1017 2805 1331 2875 lacerarunt,
1370 2807 1526 2874 quasi
1552 2803 1649 2859 ille
1672 2803 1938 2860 Juditbam
1968 2816 2202 2860 consan-

30 2899 207 2953 ineam
255 2900 452 2952 contra
501 2893 771 2949 ecclesiae
832 2892 985 2962 leges
1032 2893 1289 2964 duxisset,
1349 2898 1404 2949 et
1462 2891 1677 2948 Juditba
1729 2891 1901 2946 altera
1943 2890 2202 2947 Herodias

30 2987 367 3052 nectensem
428 2984 743 3053 episcopum
810 2983 1147 3037 mauimonio
1200 2994 1301 3036 suo
1367 2981 1648 3036 adversum
1712 2978 1887 3035 occidi
1942 2982 2202 3035 curasset.

31 3071 103 3129 {hil
144 3077 198 3129 in
243 3074 359 3128 illis
402 3077 701 3140 temporum
745 3070 986 3127 tenebris
1029 3072 1133 3126 tam
1171 3072 1361 3139 inepte
1394 3068 1506 3125 dici
1543 3071 1729 3141 potuit,
1773 3070 1899 3139 quin
1927 3067 2085 3124 fidem
2111 3068 2200 3125 in-

32 3164 190 3235 niret,
216 3164 383 3219 medo
414 3159 774 3232 qualicunque
800 3157 1079 3228 religionis
1107 3159 1293 3228 specie
1319 3158 1605 3215 velaretur.

107 3251 195 3307 48.
269 3251 407 3309 Cum
454 3248 686 3305 obiisset
731 3246 987 3302 Rodullus
1035 3246 1413 3302 Noviomensis
1464 3247 1769 3316 episcopus,
1824 3246 1893 3302 lis
1940 3249 2056 3302 orta
2101 3248 2202 3317 est,

32 3336 282 3396 dbusdam
312 3340 616 3396 Fulcarium
647 3335 987 3407 eligentibus,
1028 3336 1287 3392 decanum
1330 3335 1636 3391 monasterii
1681 3334 1737 3391 S.
1765 3334 2003 3392 Medardi
2031 3333 2203 3391 Sues·

35 3431 258 3500 onensis,
305 3429 432 3483 aliis
479 3425 837 3481 Frodoardum
876 3424 1194 3480 lismensem
1228 3423 1614 3496 presbyterum,
1653 3423 1957 3480 Milionia
2002 3422 2204 3490 iudicio

40 3526 99 3568 nc
138 3516 457 3573 monachum
502 3519 559 3571 et
600 3513 864 3585 abbatem,
905 3529 1010 3584 qua
1045 3512 1348 3585 praelatura
1376 3527 1440 3568 se
1467 3510 1666 3568 fractus
1696 3517 1874 3569 aetate
1912 3526 1960 3566 a.
1990 3509 2052 3566 D.
2079 3508 2201 3565 963.

35 3601 256 3660 idicavit.
314 3603 448 3661 Cum
469 3602 744 3659 Fulcarius
773 3601 1121 3673 praevaleret,
1152 3601 1563 3657 consolatoriam
1584 3599 1888 3657 Frodoardo
1918 3596 2203 3668 epistolam

36 3689 188 3759 :ripsit
225 3692 538 3760 Adaldagns
582 3691 1081 3760 flammaburgensis
1125 3692 1431 3762 episcopus,
1474 3691 1685 3759 quicum
1726 3691 1780 3744 in
1809 3685 2203 3766 ingelbemensl

37 3789 147 3844 uper
183 3782 392 3850 synodo
421 3780 711 3835 amicitiam
740 3780 1073 3835 contraxisse
1099 3784 1246 3849 puto.
1317 3777 1399 3833 Ex
1427 3791 1532 3849 qua
1573 3776 1899 3846 intelligitur,
1939 3789 2059 3834 cum
2087 3773 2207 3831 sor-

37 3875 139 3922 luae
164 3868 475 3925 muneribus
502 3867 777 3936 Adaldago
818 3869 978 3924 etiam
1020 3866 1372 3923 eruditionem
1414 3879 1522 3922 non
1560 3862 1817 3922 defuisse.
1886 3863 2100 3924 Initium
2126 3865 2202 3920 ita

37 3949 171 4009 abet:
240 3956 555 4028 Addidaqus
580 3958 922 4011 miseratione
947 3957 1129 4012 divina
1154 3955 1458 4011 Bronten-m
1484 3954 1741 4009 ecclesiae
1766 3967 1962 4008 servus
1982 3951 2203 4010 Frede-

39 4040 129 4094 rdo
146 4047 299 4111 patri
322 4044 491 4112 [forte
512 4045 863 4115 presbytero]
886 4043 1137 4099 Hennensi
1157 4044 1378 4099 verbum
1397 4044 1570 4113 pacis.
1625 4039 1791 4096 Finis.
1834 4039 1949 4096 Ora
1969 4055 2076 4110 pro
2103 4054 2202 4096 mc.

40 4131 253 4195 criptum
281 4135 423 4203 prid.
452 4132 570 4189 Kal.
600 4133 781 4189 Octo&
815 4149 868 4189 a.
891 4133 957 4189 D.
979 4133 1101 4188 951.
1174 4130 1271 4186 Est
1297 4129 1372 4185 ibi
1400 4130 1626 4199 insignis
1654 4127 1807 4185 locus
1833 4130 2021 4186 nescio
2051 4129 2202 4197 cujus

39 4217 202 4288 eteris,
248 4221 329 4276 sic
375 4223 514 4278 enim
561 4220 1174 4291 Adaldagus.110rreo
1212 4222 1426 4289 notare,
1474 4220 1620 4290 quod
1654 4218 1794 4273 dia-it
1828 4221 2067 4287 sanctus,
2106 4229 2205 4271 re-

39 4303 198 4369 ”ipsit
208 4313 446 4366 mactus·
433 4351 446 4364 .
488 4309 649 4366 Nunc
661 4325 829 4366 eum
845 4312 912 4366 de
927 4323 1152 4365 numam
1171 4309 1571 4380 damnatorum,
1589 4321 1638 4362 aa
1630 4304 1876 4378 fuissem
1892 4306 1966 4361 dc
1978 4318 2203 4360 numo

41 4388 365 4461 Ρῡοοροηηι.
439 4396 684 4456 Fulcario
712 4412 762 4456 a.
790 4399 852 4454 D.
881 4396 985 4454 9⁵5
1021 4394 1280 4452 nadulfus
1309 4394 1679 4458 Laudunensis
1710 4395 1958 4465 clericus,
1982 4397 2204 4451 notante

42 4473 304 4554 'rodoardo,
336 4490 617 4543 successit.
