2817 4959
519 311 640 378 502
1098 303 1634 373 ANNALES
1705 303 2170 371 lnPEnil

334 480 402 548 Δ.
416 490 499 561 5¹,
512 486 667 559 pania
683 483 1022 554 munirentur,
1046 495 1153 552 quo
1172 483 1349 552 posito
1368 479 1601 536 noudum
1619 456 1898 536 habuisset
1915 492 2111 535 nomen
2130 477 2246 534 hoc
2266 477 2448 532 loeus
2469 475 2754 533 Frodnard·
2793 457 2795 526 Ῑ

510 587 648 630 nunc
673 570 960 642 scribente,
989 577 1045 626 et
1072 571 1407 627 retinendum
1434 571 1617 638 utique
1647 568 1985 624 soretFanis.
2038 567 2149 623 Sed
2181 580 2293 636 ego
2325 565 2474 621 huic
2501 566 2754 634 etr-eie-
2793 543 2795 616 l

508 665 630 733 giae
642 659 769 716 nihii
792 659 995 716 tribuo:
1022 673 1143 716 nam
1162 659 1309 714 Barri
1330 661 1491 713 castri
1503 662 1614 727 jam
1634 656 1984 725 Fredegarius
2002 658 2252 711 meminit
2280 670 2340 709 c.
2364 656 2460 710 11.
2493 655 2756 710 Bar-reni
2793 651 2795 740 l

511 752 635 824 pag-i
657 748 981 805 Vulcoaldus
1017 761 1199 803 comes
1239 748 1392 804 annis
1430 744 1547 810 tere
1574 745 1722 802 mille
1749 751 1873 801 ante
1900 748 2083 800 nostra
2112 749 2394 814 tempora,
2433 747 2500 799 ιι
2529 745 2762 813 pri-arii
2793 745 2795 802 Ι

512 837 693 895 charta
727 838 1035 893 monasterii
1076 835 1131 892 S.
1160 834 1453 906 Michaelis,
1496 835 1636 905 quod
1672 834 1770 890 ille
1809 837 1866 889 in
1907 848 2044 903 page
2077 831 2422 888 virdunensi
2470 833 2547 888 ad
2575 833 2763 887 Bosa:

510 926 806 983 aedificavit
823 924 1115 982 Habilione
1130 927 1368 980 notante.
1439 922 1584 978 Idem
1613 922 1761 978 addit
1787 935 1855 978 ex
1879 927 2067 978 autore
2097 920 2352 977 chronici
2383 921 2445 976 S.
2469 921 2762 990 flichaelig

514 1014 656 1086 qnod
678 1016 790 1086 *se
814 1019 957 1071 tomo
984 1012 1359 1070 Analectoruin
1386 1013 1625 1068 secundo
1652 1011 1914 1083 produxit,
1939 1010 2290 1082 Fridericum,
2337 1025 2478 1065 cun
2503 1009 2760 1064 abhati—

516 1104 571 1160 S.
592 1103 860 1160 Michaelis
879 1102 1033 1158 titulo
1054 1102 1298 1159 advocati
1326 1103 1551 1173 teneret,
1578 1103 1786 1157 tertiam
1812 1103 2017 1170 partem
2037 1097 2306 1155 bonorum
2335 1104 2470 1168 ejus
2497 1099 2632 1154 huic
2658 1099 2760 1154 ioco

518 1193 818 1264 contulisse,
859 1193 1013 1261 quasi
1052 1194 1108 1247 ιιι
1148 1189 1520 1247 defensionem
1559 1191 1869 1245 monasterii
1909 1189 2115 1244 structi.
2197 1188 2314 1244 Sed
2357 1187 2516 1244 haec
2561 1190 2758 1244 deam
2793 1247 2795 1264 Ι

513 1294 563 1337 a.
591 1280 655 1336 D.
683 1281 793 1337 ³6⁸.
821 1283 940 1335 acta
968 1285 1106 1350 sunt,
1135 1278 1333 1335 ottone
1362 1281 1419 1333 et
1446 1277 1606 1334 fratre
1635 1280 1753 1348 ejus
1783 1278 2029 1332 Brunone
2056 1275 2346 1347 probante,
2385 1278 2494 1346 qui
2529 1281 2664 1332 tuac
2681 1291 2755 1331 rer
2793 1287 2795 1318 Ι

510 1368 880 1425 Lotharieases
900 1366 1319 1424 administrabat.
1391 1368 1563 1435 Atque
1592 1379 1659 1422 ex
1683 1364 1768 1420 his
1797 1365 2042 1422 omnibus
2068 1365 2370 1435 intelligas,
2399 1366 2642 1422 Barn-
2669 1366 2755 1420 mi

512 1458 728 1528 imperio
750 1456 976 1526 ottonis,
1005 1461 1060 1512 at
1087 1456 1261 1511 locum
1290 1469 1322 1509 a
1351 1454 1657 1510 Frodoardo
1684 1458 2027 1509 memoratum
2055 1456 2110 1509 in
2138 1468 2307 1521 regno
2339 1453 2575 1509 Galliae
2605 1458 2756 1509 sit-

513 1544 700 1601 fuisse.
746 1545 813 1599 Et
838 1560 967 1602 roro
997 1546 1259 1614 reperitur
1285 1544 1439 1599 locus
1466 1543 1623 1598 Baius
1650 1556 1757 1598 non
1787 1543 1970 1613 procul
1999 1542 2178 1612 Barro,
2207 1541 2393 1613 Funis,
2422 1549 2490 1599 ut
2519 1549 2756 1615 apparet,

510 1630 793 1690 Frodoardi
835 1634 1161 1704 designatae,
1201 1633 1323 1703 ipso
1362 1630 1646 1687 Bloadello
1685 1644 1793 1686 non
1821 1644 2038 1700 prorsus
2065 1636 2420 1703 repugnante,
2469 1636 2574 1702 qui
2599 1639 2758 1704 notat,

507 1720 585 1776 ibi
628 1722 883 1778 uenatum
925 1723 1114 1779 ducem
1160 1736 1206 1777 a.
1244 1721 1306 1777 D.
1346 1720 1502 1777 1508.
1543 1720 1869 1775 decessisse.
1964 1717 2184 1774 nubilio
2235 1721 2406 1775 etiam
2457 1720 2754 1777 lectione-

504 1808 671 1866 Fanis
708 1811 1042 1870 retinendam
1082 1814 1288 1880 censet,
1328 1810 1490 1880 idque
1531 1807 1698 1864 refert
1736 1808 2013 1878 probatum
2055 1807 2273 1864 dedisse
2319 1808 2696 1868 Benedietun
2727 1826 2756 1864 a

506 1897 662 1956 Tullo
702 1898 1027 1972 Capucinum
1069 1903 1122 1955 iu
1149 1901 1259 1955 rita
1298 1899 1352 1954 S.
1391 1897 1612 1955 Gerardi
1652 1896 1922 1953 'tullensis
1963 1895 2170 1952 Gallice
2210 1898 2438 1969 scripta,
2493 1911 2570 1953 ex
2615 1906 2752 1953 carta

504 1984 723 2045 Pibouis
762 1990 1021 2060 episcopi,
1060 1989 1153 2058 qui
1186 1986 1361 2043 Fanes
1383 1990 1536 2055 juxta
1561 1986 1778 2042 Barrum
1805 1989 2036 2041 castrum
2064 1989 2342 2042 memorat.
2415 1984 2598 2042 Porro
2641 2002 2750 2043 c-

502 2081 771 2133 etructura
797 2076 1053 2134 Fanensis
1080 2091 1190 2132 non
1217 2078 1594 2142 successisset,
1633 2072 2118 2132 contradicentibus
2143 2072 2332 2145 Gallis,
2375 2073 2610 2130 Bari-um
2639 2091 2748 2130 ιι-

501 2166 655 2222 nisse
672 2168 865 2234 postea
882 2166 987 2220 dux
1005 2167 1213 2221 videtur
1230 2166 1283 2220 in
1303 2164 1524 2234 praedio
1545 2164 1805 2236 episcopi,
1831 2166 1958 2232 quia
1978 2161 2137 2217 Fanis
2165 2164 2220 2218 in
2248 2162 2482 2234 praedio
2516 2167 2743 2236 propria

501 2252 600 2308 sed
627 2253 852 2308 alterius
893 2256 1058 2323 regni,
1101 2256 1446 2308 munitionem
1474 2253 1712 2307 excitare
1739 2250 2134 2322 prohibebatur.
2205 2250 2381 2306 Ambo
2411 2251 2550 2308 loca
2575 2257 2742 2308 risha

502 2341 733 2396 invicem
775 2346 830 2396 et
870 2344 924 2395 in
953 2355 1232 2409 regnorum
1262 2339 1496 2395 confinio
1525 2345 1692 2408 erant,
1733 2340 1832 2395 sed
1859 2339 2057 2396 Fanum
2084 2342 2137 2395 in
2168 2338 2395 2412 Gallico,
2437 2342 2672 2400 Barm-
2693 2344 2740 2396 ἰ

501 2425 869 2494 Lethariensi3
896 2441 1017 2484 nam
1047 2433 1103 2483 et
1132 2441 1253 2482 mox
1279 2426 1507 2498 amplius
1536 2428 1815 2486 audiemus
1844 2442 1877 2484 a
1907 2427 2013 2485 fide
2032 2428 2221 2500 dignis,
2250 2428 2478 2485 Barrum
2507 2434 2739 2498 iurem

501 2513 816 2572 Germanico
843 2516 910 2572 ad
940 2530 1086 2572 oram
1113 2518 1231 2584 ejus
1261 2518 1551 2572 extremam
1579 2518 1737 2571 situm
1765 2514 1954 2573 fuisse.
2025 2517 2210 2587 ltaque
2238 2518 2308 2573 de
2334 2517 2587 2577 lectione
2615 2520 2740 2575 Fro-

505 2603 691 2662 doardi
733 2610 1058 2662 transactum
1103 2605 1328 2663 videtur.
1399 2603 1511 2661 Sed
1550 2605 1619 2662 de
1659 2618 1722 2662 re
1759 2609 1894 2677 ipsa,
1942 2605 1996 2660 id
2038 2609 2138 2678 est,
2184 2606 2253 2662 de
2291 2621 2560 2679 supremo
2601 2609 2740 2665 Rani

504 2691 756 2766 dominio,
785 2693 937 2765 plura
964 2694 1188 2753 dicenda
1214 2698 1437 2750 restant.

644 2781 732 2842 23.
804 2782 936 2840 Cum
963 2783 1102 2854 apud
1131 2782 1421 2838 virdunum
1449 2781 1641 2838 fratres
1668 2782 1948 2839 Letharius
1975 2788 2248 2854 augustus,
2278 2783 2594 2843 Ludoricus
2611 2787 2738 2842 Ger·

504 2874 717 2929 maniae
745 2878 799 2928 et
813 2870 1037 2929 Carolus
1056 2872 1263 2928 Galliae
1281 2884 1439 2942 reges
1457 2871 1775 2928 Francorum
1796 2874 2073 2942 imperium
2103 2886 2151 2928 a.
2172 2871 2233 2927 D.
2251 2873 2378 2931 842.
2407 2875 2736 2946 dirimat,

506 2960 664 3017 Bosa
690 2962 903 3032 quidem
932 2962 1057 3016 inde
1080 2976 1116 3017 a
1144 2959 1379 3017 fontibus
1406 2962 1464 3016 ιιι
1492 2974 1696 3016 summa
1733 2961 1887 3016 limes
1925 2961 2024 3016 tuit
2049 2964 2191 3018 inter
2217 2961 2457 3018 Lotharii
2487 2972 2548 3020 et
2565 2964 2735 3021 cunii

466 3101 473 3114 ,
505 3061 744 3119 regnum
782 3053 841 3104 ut
880 3048 1093 3104 Rhenus
1134 3052 1276 3106 inter
1312 3061 1532 3118 regnum
1560 3048 1793 3105 Lotharii
1822 3056 1880 3106 et
1907 3049 2179 3120 Ludovici,
2215 3053 2317 3108 sed
2345 3054 2424 3108 ita
2451 3059 2650 3125 tanen,
2683 3059 2735 3108 ut
2789 3059 2790 3064 ’

507 3136 772 3193 interdum
813 3150 909 3206 pro
950 3137 1259 3194 conditione
1297 3138 1553 3211 locorum,
1605 3151 1680 3195 ne
1717 3140 1838 3209 pagi
1880 3139 1966 3194 vel
2009 3141 2294 3196 comitatus
2333 3140 2730 3210 divellerentur,
2789 3141 2790 3146 ’

509 3237 731 3293 quorum
770 3226 987 3294 antiqua
1027 3229 1338 3283 constitutio
1376 3241 1484 3283 non
1526 3228 1774 3284 mutanda
1816 3227 2107 3299 videbatur,
2149 3230 2203 3284 in
2231 3229 2552 3287 alterutram
2577 3233 2732 3301 ripa-

505 3311 733 3367 fluminis
773 3310 849 3367 ibi
889 3325 995 3368 non
1022 3314 1182 3372 valde
1220 3316 1314 3372 lati
1358 3323 1756 3386 excurreretur3
1794 3321 1849 3373 et
1887 3320 1942 3372 in
1970 3316 2176 3373 Gallico
2211 3321 2578 3376 instrumento
2604 3336 2650 3376 a.
2677 3319 2733 3374 D.

509 3398 662 3454 1290.
683 3402 841 3467 jussu
867 3403 1019 3469 regio
1040 3407 1233 3471 juratis
1261 3408 1583 3460 testimoniis
1606 3404 1868 3476 coniecto,
1897 3408 2040 3477 quod
2059 3413 2112 3461 in
2135 3409 2328 3463 codice
2348 3412 2490 3477 juris
2510 3413 2730 3479 genti-

505 3490 865 3563 produximus,
879 3490 933 3545 id
948 3490 1217 3563 agebatur,
1232 3500 1289 3549 ut
1303 3493 1692 3565 ostenderetur,
1709 3495 1758 3552 Μ
1764 3510 1910 3551 osam
1930 3510 2036 3552 non
2054 3499 2272 3552 omnino
2294 3498 2526 3556 linite-
2547 3497 2731 3564 iacere,

508 3580 606 3637 sed
625 3581 887 3651 quaedam
913 3582 968 3635 in
988 3580 1173 3635 dextra
1200 3584 1314 3650 ripa
1333 3585 1471 3650 juris
1492 3583 1680 3662 Gallici
1701 3598 1841 3655 esse,
1872 3585 2011 3654 quod
2033 3583 2221 3640 eodem
2245 3586 2408 3641 modo
2434 3587 2501 3641 de
2521 3588 2728 3657 imperio

504 3673 691 3725 nostro
720 3669 943 3740 intelligi
971 3675 1167 3740 petest,
1197 3672 1372 3741 quoad
1401 3675 1566 3742 ripam
1591 3675 1877 3729 sinistram.
1935 3673 2125 3729 Testes
2147 3674 2224 3728 ibi
2245 3677 2414 3745 ajunt,
2441 3688 2504 3730 se
2525 3676 2723 3730 audisse

507 3771 540 3814 a
568 3758 875 3831 majoribus,
916 3755 1189 3817 Albertum
1232 3772 1413 3829 regem
1444 3759 1760 3819 Germaniae
1802 3768 1860 3817 et
1897 3761 2195 3833 Philippum
2235 3761 2522 3818 Pulchram
2565 3773 2724 3832 τις·

508 3843 794 3902 Galliarum
824 3852 1146 3905 convenisse
1172 3852 1225 3903 ιιι
1256 3848 1379 3904 loco
1407 3850 1551 3907 dicto
1581 3851 1755 3906 Vallis
1777 3851 1925 3908 Ouae
1954 3852 2090 3919 (Vei
2114 3853 2180 3906 de
2207 3852 2414 3923 tone),
2445 3866 2556 3908 noa
2585 3854 2724 3919 longe

504 3946 540 3988 a
568 3932 714 3989 fonte
737 3935 923 3993 Mosae
947 3941 1027 4009 (a.
1049 3937 1109 3993 D.
1133 3938 1334 4010 1299.)‚
1364 3938 1546 4009 ibique
1576 3939 1760 3996 fixisse
1788 3940 2091 3997 limitaneos
2122 3943 2312 4013 cippos
2341 3954 2476 3997 aere
2502 3945 2723 4011 infigens

506 4021 734 4090 (bernes
774 4025 840 4079 de
879 4031 1123 4098 coyvre).
1208 4027 1340 4085 Inde
1378 4034 1505 4084 nata
1546 4034 1630 4084 est
1664 4030 1901 4099 jucunda
1937 4032 2329 4100 aequivocatio.
2403 4030 2469 4086 In
2507 4033 2722 4101 antiquis

503 4113 783 4182 scripturis
804 4116 1224 4172 memorabantur
1245 4123 1406 4174 notae
1434 4118 1565 4174 illae
1590 4118 1813 4174 limitum
1845 4131 1911 4175 ex
1933 4132 2074 4190 aere,
2102 4120 2302 4173 bernes
2331 4119 2595 4175 dois-ain.
2651 4118 2721 4174 ihi

500 4198 821 4258 festinantes
863 4203 1072 4273 quidam
1115 4203 1362 4274 legerunt
1400 4207 1596 4262 bor-nes
1637 4208 1704 4262 de
1743 4209 1899 4278 Rhin,
1942 4214 1998 4264 et
2029 4208 2267 4264 Rhenum
2309 4211 2524 4280 imperii
2563 4209 2717 4264 nostri
2783 4227 2784 4288 l

502 4289 819 4361 Galliaeque
858 4292 1077 4349 iimitem
1120 4297 1302 4351 tunca
1330 4293 1545 4364 regibus
1586 4298 1932 4354 constitutum
1970 4297 2288 4354 confinxere.
2363 4298 2496 4354 lude
2521 4299 2716 4369 decepti

502 4378 696 4436 fratres
723 4380 1122 4454 sammarthani,
1160 4398 1385 4452 magnae
1413 4390 1628 4443 caetera
1655 4387 1966 4457 diligentiae
1993 4389 2108 4458 viri,
2141 4393 2270 4458 post
2297 4386 2634 4444 Guiiielmun
2657 4387 2712 4442 dr

503 4467 703 4539 Nangis
743 4475 799 4526 et
838 4470 975 4528 alios
1014 4472 1273 4542 quosdam
1299 4472 1526 4534 Nicolao
1551 4476 1804 4556 vignerio
1840 4479 2034 4536 citatos
2063 4476 2385 4538 Gallicarum
2420 4490 2595 4540 reru
2624 4488 2708 4536 ι·
