2817 4959
502 334 629 404 388
1081 327 1615 397 ANNALES
1691 324 2145 392 IMPERII

253 515 318 582 Δ.
339 512 474 581 9⁶28.
737 489 746 500 ⁸
931 508 1068 563 Huic
1094 505 1427 563 conthoralis
1454 503 1748 558 juditium
1773 505 1897 557 crat
1921 499 2200 569 speciatim

925 596 1234 652 Nerthum
1253 594 1481 663 pulcras
1505 595 1697 647 stam
1718 590 2077 661 Kaufanqqrre
2095 586 2321 657 puellus.

503 691 610 749 Sed
639 686 916 756 Causuuga
946 683 1296 754 Cunigundae
1321 686 1583 753 augustae
1614 680 1856 749 debetur,
1882 692 1991 734 non
2026 676 2201 732 minus
2231 677 2460 747 pietatis
2489 674 2745 732 laudibus
2810 731 2812 768 ÷

503 778 828 839 celebratae.

645 869 727 924 14.
801 862 1118 922 Heribertus
1147 861 1215 917 ab
1250 860 1483 916 Henrico
1523 873 1654 929 rege
1694 870 1963 927 reversus,
2005 852 2235 910 liudolfo
2276 853 2371 909 dat
2398 852 2538 910 fidei
2564 867 2747 910 sacra-
2808 813 2812 928 4

503 961 698 1027 menta,
739 951 989 1011 Carolum
1029 949 1209 1007 Remis
1250 949 1349 1005 sub
1387 947 1636 1004 custodia
1674 946 1853 1017 babet,
1882 945 2071 1015 specie
2097 942 2350 998 honoris:
2390 942 2611 998 deinde
2638 957 2747 996 cun
2810 937 2812 1024 χ

502 1044 734 1103 Rudolio
786 1046 841 1099 in
887 1039 1240 1109 Burgundiam
1285 1037 1654 1108 proficiscitur.
1756 1034 1840 1090 lbi
1883 1032 2298 1102 congrediuntur
2342 1045 2471 1086 cum
2522 1031 2747 1099 Hagno
2810 1045 2812 1080 :

499 1135 689 1193 ltaliae
727 1144 876 1202 rege,
925 1130 1011 1185 cui
1052 1140 1363 1199 persuasum
1399 1132 1501 1194 est,
1540 1129 1600 1180 ut
1632 1123 1891 1179 Viennam
1918 1136 2089 1191 suam,
2118 1119 2293 1176 odoni
2326 1119 2619 1176 Heriberti
2648 1119 2746 1175 &a
2810 1155 2812 1170 .

499 1224 836 1298 promissam,
874 1218 980 1290 ipsi
1022 1217 1162 1286 patri
1202 1215 1544 1270 concederet.
1619 1213 1728 1268 Sed
1763 1213 1833 1269 ad
1860 1225 1959 1267 eos
1986 1210 2321 1282 pervenisse,
2356 1224 2473 1266 non
2502 1213 2751 1282 apparet.

501 1313 636 1370 Nam
681 1311 939 1368 Viennam
983 1306 1183 1361 deinde
1226 1302 1452 1359 Carolus
1499 1301 1898 1371 Constantinus,
1941 1299 2198 1356 Ludorici
2248 1298 2379 1354 Orbi
2426 1301 2589 1370 regis
2642 1302 2752 1355 sire
2810 1319 2812 1326 ·

503 1402 714 1471 augusti
742 1397 901 1467 filius,
930 1397 1114 1465 tenuit,
1141 1393 1386 1464 simplice
1415 1392 1673 1464 principis
1701 1390 1907 1446 bonore
1925 1391 2223 1444 contentus.
2275 1387 2635 1446 Heribertum
2654 1405 2751 1445 aea

504 1492 724 1547 multum
752 1488 1042 1557 longinqua
1070 1488 1328 1539 moratum
1356 1479 1565 1536 credas.
1622 1477 1881 1535 Rudoli'us
1901 1478 2098 1535 deinde
2126 1483 2183 1533 et
2208 1476 2533 1533 Hei-ibertus
2554 1478 2749 1534 nenos

502 1581 741 1648 veniunt,
769 1581 825 1631 et
853 1571 1113 1629 liudolfus
1134 1587 1252 1627 cum
1273 1568 1465 1626 Carolo
1494 1582 1680 1641 pacem
1709 1567 1856 1639 facit,
1884 1579 2014 1624 sese
2042 1581 2224 1622 coram
2250 1567 2373 1638 ipso
2391 1565 2751 1630 humiliatas

503 1673 562 1724 ut
587 1680 811 1735 regnum
841 1666 960 1733 eJus
996 1659 1261 1717 beneflcio
1302 1666 1491 1715 tenere
1528 1657 1906 1729 profiteretur?
1940 1654 2098 1712 simul
2134 1654 2464 1710 Attiaiacum
2506 1654 2747 1713 fiscalem

503 1755 681 1812 locum
709 1753 897 1810 tradit:
934 1751 1071 1807 alter
1109 1748 1178 1805 ab
1219 1748 1390 1804 altero
1432 1760 1653 1803 munera
1681 1748 1838 1816 capit.
1911 1744 2057 1799 Tunc
2085 1742 2243 1800 fidem
2272 1743 2473 1800 Oarelo
2503 1758 2536 1801 a
2566 1747 2749 1801 nullis

506 1847 781 1917 episcopis
815 1839 1211 1909 comitibusque
1249 1840 1483 1910 ipsoque
1519 1834 1802 1892 floriberto
1841 1837 2167 1904 renovatam,
2210 1838 2455 1904 apparet.
2528 1833 2621 1890 Ea
2660 1851 2749 1891 cs-

506 1934 721 1992 moedia
762 1935 883 1988 acta
923 1934 1026 2001 est,
1065 1933 1124 1985 ut
1158 1927 1472 1985 Heribertns
1514 1924 1679 1981 filiurn
1709 1922 1951 1980 odonem
1977 1936 2011 1978 a
2038 1923 2355 1979 Normannis
2380 1933 2749 1993 recuperaret.

650 2023 732 2078 15.
807 2018 1113 2075 Odalricum
1130 2017 1443 2088 Aquensem
1471 2014 1786 2086 episcopum
1808 2027 1841 2067 a
1860 2011 2146 2068 Saracenis
2162 2010 2403 2083 pulsum,
2431 2026 2589 2069 nnc
2606 2016 2747 2070 rica-

509 2114 646 2168 rium
687 2110 828 2179 apud
868 2108 1168 2164 Remenses
1210 2108 1523 2177 episcopum
1566 2107 1830 2172 agentem,
1874 2100 2066 2157 fratres
2092 2099 2503 2172 sanmarthani,
2528 2102 2747 2160 Galliae

509 2200 833 2256 christianae
877 2201 1112 2265 autores,
1158 2193 1467 2250 Aibericum
1513 2191 1703 2253 secuti,
1764 2191 1966 2260 aliique
2008 2189 2319 2259 Aquensem
2362 2191 2417 2245 in
2466 2188 2743 2249 P-rovinda

375 2285 388 2310 ¹
507 2287 970 2357 archiepiscopum
1013 2281 1310 2352 credidere,
1351 2296 1461 2339 non
1487 2280 1735 2349 absurde,
1778 2277 1993 2348 quando
2010 2280 2150 2333 tuuc
2174 2277 2428 2334 Saraceni
2460 2293 2532 2336 ex
2560 2280 2744 2337 Fraxi-

505 2379 634 2432 neto
678 2374 856 2429 vicina
899 2368 1248 2440 infestabant,
1283 2374 1350 2426 ‚33
1392 2371 1516 2438 ipsa
1554 2368 1768 2437 Alpium
1828 2365 2126 2421 Cottiarura
2171 2368 2367 2423 itinera
2412 2367 2649 2428 Romam
2686 2387 2741 2428 ex

510 2461 683 2519 Gallia
727 2461 879 2515 ituris
924 2457 1287 2515 includebant.
1373 2456 1631 2513 Praefero
1695 2458 1873 2511 tamen
1920 2453 2069 2523 Pagii
2110 2457 2453 2528 nutantum,
2503 2462 2605 2529 qui
2649 2475 2741 2518 ιοι

512 2550 976 2621 archiepiscopum
1025 2547 1329 2617 Aquensem
1377 2548 1434 2602 in
1480 2545 1775 2615 Provincia,
1829 2544 1929 2600 sed
1974 2545 2288 2615 episcopum
2332 2546 2661 2616 Aquensen
2697 2551 2742 2606 iu

511 2641 778 2696 vasconia
821 2636 967 2693 facit.
1014 2634 1147 2691 Nam
1176 2651 1223 2691 a.
1252 2633 1315 2690 1).
1345 2635 1452 2693 920
1481 2636 1781 2692 Saracenos
1805 2634 1837 2670 *
1878 2636 1935 2690 in
1972 2632 2231 2702 Hispania
2269 2635 2477 2703 ingenti
2524 2638 2743 2695 victoria

511 2731 716 2804 potitos
751 2731 811 2785 in
837 2725 1163 2784 vasconiam
1196 2726 1477 2796 irrupisse,
1518 2737 1681 2795 supra
1719 2723 1967 2778 diximus.
2041 2720 2109 2776 Et
2142 2722 2353 2792 quando
2382 2721 2678 2784 odalricus
2698 2731 2743 2782 ia

514 2818 680 2877 exilio
729 2818 856 2889 egit,
896 2816 1057 2873 alium
1103 2812 1408 2885 praesulem
1433 2812 1745 2883 Aquensem
1790 2808 2046 2868 Israelem
2091 2813 2147 2867 iu
2191 2809 2474 2869 Provincia
2516 2816 2744 2882 invenio,

514 2925 560 2965 a.
588 2906 651 2964 D.
680 2906 802 2963 948.
993 2951 998 2962 .

658 2995 740 3052 16.
815 2994 1064 3065 otgarius
1104 2992 1537 3051 Ambianensium
1576 2991 1795 3063 praesul
1836 2992 2005 3059 major
2045 2990 2356 3047 centenario
2394 2988 2552 3048 obiit.
2623 2992 2745 3050 Fre·

517 3083 766 3152 doardus,
803 3085 895 3152 qui
921 3082 1026 3138 boc
1054 3085 1343 3139 memoriae
1371 3079 1621 3152 prodidit,
1657 3081 1827 3135 virum
1855 3084 2097 3136 sanctum
2124 3081 2303 3135 vocat.
2362 3078 2515 3136 Inter
2543 3095 2745 3138 macro·

517 3173 655 3242 bios,
681 3173 741 3227 in
767 3171 912 3226 omni
933 3169 1159 3225 historia
1184 3185 1354 3242 raros,
1383 3167 1573 3226 referri
1600 3173 1849 3238 meretur,
1878 3171 1932 3223 et
1962 3165 2128 3238 Odae,
2157 3167 2377 3224 Henrici
2406 3170 2559 3237 regis
2583 3171 2744 3240 aviae,

515 3261 795 3329 Azouique
831 3264 1035 3327 nostro,
1077 3262 1342 3315 communi
1378 3259 1845 3313 Brunsviceasiam
1878 3255 2295 3327 Estonsiumque
2331 3259 2526 3329 autori,
2570 3271 2743 3315 comes

517 3347 659 3405 addi.
730 3344 995 3402 Deroldus
1032 3343 1271 3401 medicus
1301 3361 1445 3402 anno
1470 3347 1721 3415 sequenti
1748 3350 2056 3414 surrogatus
2083 3348 2185 3415 est,
2222 3346 2308 3400 cui
2336 3358 2427 3400 ars
2450 3359 2568 3403 non
2592 3362 2743 3419 prae·

517 3438 733 3506 stiterit,
778 3433 922 3505 quod
963 3436 1300 3491 antecessori
1338 3441 1547 3491 natura.
1615 3433 1911 3489 Praecoces
1950 3434 2248 3490 vindemias
2282 3433 2387 3490 hac
2420 3440 2636 3493 aestate
2659 3451 2745 3507 per

522 3524 748 3584 Galliam
791 3524 1036 3593 Augusto
1078 3536 1266 3580 mense
1294 3521 1484 3593 factas,
1525 3521 1859 3578 Frodoardus
1886 3523 2110 3594 notavit,
2138 3521 2339 3579 caloris
2366 3526 2558 3594 utique
2584 3525 2744 3582 aban·

521 3616 718 3683 dantia,
745 3611 1063 3668 humiditate
1090 3612 1315 3682 quadam
1344 3614 1665 3682 tempestiva
1692 3610 1992 3680 temperati.

666 3704 746 3758 17.
823 3699 1262 3771 conspirantibus
1290 3700 1614 3756 testimoniis
1643 3697 1911 3755 annalium
1940 3698 2484 3772 Hildeshemensium,
2518 3701 2741 3758 chutici

521 3791 809 3848 Elikibardi
836 3790 1162 3866 Uragiensis,
1200 3787 1496 3856 necrologii
1522 3788 1825 3857 Fuldensis‚
1853 3794 1910 3845 et
1936 3787 2207 3846 Lamberti
2234 3789 2743 3860 schafnaburgensis

523 3880 657 3936 obiit
695 3879 802 3935 boc
841 3893 983 3936 anuo
1031 3877 1299 3934 sehardus
1338 3875 1803 3934 Hildesbemensis
1844 3879 2153 3949 episcopus.
2222 3878 2344 3936 Etsi
2394 3880 2489 3938 diu
2539 3881 2741 3950 sederit,

522 3972 612 4024 vix
651 3967 796 4023 aliud
836 3967 906 4024 de
948 3981 1015 4026 ee
1055 3970 1351 4022 memorant
1391 3965 1693 4024 domestica
1736 3972 2093 4038 monumenta,
2135 3979 2293 4037 quam
2330 3969 2477 4039 quod
2504 3971 2674 4027 altare
2696 3971 2742 4026 S-

525 4056 713 4113 Crucis
750 4061 808 4112 et
842 4054 1102 4127 pulpitum
1130 4054 1400 4124 evangelii
1428 4060 1650 4125 argento
1679 4055 1961 4112 redimivit.
2025 4054 2307 4113 Successit
2332 4059 2387 4115 ei
2406 4057 2745 4117 'thiothardus
2806 4081 2807 4104 1

527 4149 717 4216 (quem
764 4143 978 4213 quidam
1020 4142 1356 4200 Tbetmarum
1394 4145 1627 4213 vocant)
1666 4142 1835 4199 abbas
1878 4142 2336 4216 Heresieldeusis,
2387 4150 2547 4216 cujus
2588 4148 2745 4205 locun
2804 4111 2807 4190 4

526 4233 824 4290 Burcardus
881 4233 1110 4302 accepit,
1165 4233 1257 4301 qui
1306 4237 1430 4303 post
1477 4239 1587 4288 tres
1632 4229 2009 4301 praefecturae
2051 4248 2223 4291 anuos
2268 4233 2742 4307 wirziburgense-

526 4322 832 4380 cathedram
853 4320 1172 4390 ascendens‚
1189 4319 1509 4388 megingozo
1530 4318 1798 4377 abbatiam
1820 4319 2053 4393 reliquit.
2108 4321 2463 4382 Tbiothardus
2479 4326 2741 4383 undecim

526 4413 873 4481 episcopatus
902 4421 1043 4463 anuo
1070 4406 1363 4463 ecclesiam
1393 4406 1921 4470 Gaudesbemeusem
1950 4410 2232 4470 dedicavit

605 4515 660 4565 ⁶)
698 4512 918 4560 Saraceni
946 4510 1122 4560 balbum
1157 4522 1273 4576 urr-
1299 4511 1558 4562 saraceno·
1585 4515 1802 4562 Beturri.
