2817 4959
715 295 1246 365 sumnus
1317 258 1801 367 imrunu'
2216 301 2343 366 429

82 472 301 529 statim
344 486 482 529 anuo
523 471 846 529 subnotasse
885 477 1123 545 apparet,
1168 477 1326 550 prout
1365 476 1519 542 gesta
1570 478 1739 545 erant,
1784 487 1963 547 neque
2002 474 2244 534 adulator
2283 478 2338 533 in
2363 476 2590 546 Λ.933.

83 562 425 633 nomicum,
455 562 667 631 triginta
693 575 792 617 sex
818 561 985 618 millia
1011 576 1174 619 caesa
1200 560 1401 642 scribit,
1443 566 1659 644 praeter
1686 576 1799 635 eos,
1837 578 1973 636 quos
2000 564 2190 622 fluvius
2219 566 2343 623 Sala

82 650 394 720 absorpsit
419 653 472 705 et
501 652 592 720 qui
620 650 728 718 vivi
755 655 879 706 sunt
907 652 1066 721 capti.
1139 650 1255 706 Etsi
1296 650 1462 707 facile
1497 651 1726 723 credam,
1768 655 2117 725 computatos,
2162 657 2253 725 qui
2287 656 2354 713 in'

85 737 239 807 fuga
272 742 330 795 et
359 739 412 793 in
442 737 613 794 altene
641 752 855 810 quoque
880 739 1085 810 praelio
1114 741 1341 811 periere,
1371 743 1429 797 et
1455 754 1573 796 cum
1597 744 1798 800 tanum
1826 743 1929 798 iter
1955 742 2340 799 remetiendum

93 830 286 898 esset,
315 841 522 898 paucos
549 827 1375 887 incolumes-domum-rerersos.
1422 829 1662 896 *longui
1679 831 1893 885 veteres
1920 829 2204 888 historicos
2230 845 2339 889 non

53 989 64 1002 .
86 916 335 989 habent,
381 919 713 974 recentiores
739 929 881 987 pene
908 911 1093 974 emne‘s
1109 920 1286 974 totam
1314 916 1855 977 rern›dissimularunt
1886 918 1977 977 vel
2006 923 2151 978 certe
2178 923 2335 978 exte-

92 1008 366 1063 nuarunt.

260 1095 348 1152 22.
422 1094 712 1153 Ita-refusa
737 1096 1026 1167 praedandi
1065 1095 1302 1169 libidine,
1344 1096 1575 1154 Saxonia
1612 1095 1679 1154 ab
1705 1096 1967 1166 Hungaris
2001 1096 2217 1169 paulum
2243 1109 2337 1154 re·

95 1185 359 1257 spiravit,
404 1186 771 1255 lienriousque
808 1200 917 1241 non
933 1187 1055 1240 suis
1083 1190 1301 1256 tantum,
1342 1186 1442 1243 sed
1471 1189 1525 1242 et
1554 1185 1719 1244 Gallis
1748 1186 2007 1256 Italisque
2032 1188 2178 1259 vicit,
2215 1200 2336 1242 nam

100 1278 291 1330 terror
320 1273 675 1329 crudelissimi
699 1273 872 1331 bostis
899 1275 1118 1332 diminui
1147 1278 1341 1346 coepit,
1370 1289 1489 1331 cum
1511 1280 1669 1333 antea
1696 1276 1939 1348 plerique
1968 1277 2127 1332 etiam
2153 1288 2334 1331 remo-

97 1363 331 1432 tissimi,
361 1376 532 1431 usque
560 1360 627 1417 ad
642 1360 858 1418 Tiberin
885 1366 942 1419 et
966 1363 1254 1420 Pirenaeos
1282 1364 1647 1432 Hungarorum
1675 1369 1819 1421 metu
1847 1365 2138 1421 exsternati
2164 1366 2337 1435 trepi-

100 1450 322 1506 darent.
395 1450 735 1521 Captivorum
759 1454 949 1521 ingens
969 1453 1051 1507 vis
1078 1451 1304 1508 liberata
1331 1456 1434 1523 est,
1462 1454 1560 1509 sed
1589 1454 1870 1510 tenerioris
1897 1453 2123 1510 maxime
2139 1454 2336 1508 aetatis

101 1543 209 1596 aut
236 1537 459 1595 alterius
498 1553 691 1606 sexus3
737 1541 936 1610 praeda
975 1542 1236 1597 immensa
1276 1555 1382 1597 non
1423 1544 1641 1611 recepta
1682 1544 1900 1615 tantum,
1935 1541 2032 1599 sed
2060 1542 2230 1598 etiam
2268 1555 2336 1599 ex

102 1626 351 1684 hostium
379 1627 612 1697 phaleris
639 1633 999 1700 apparatuque
1026 1633 1189 1700 parta,
1215 1631 1302 1700 qui
1331 1631 1507 1686 omnia
1532 1629 1599 1685 ad
1617 1644 1772 1685 arcus
1793 1643 1964 1701 usque
1986 1631 2336 1701 projecerant,

109 1731 228 1788 quo
277 1718 576 1787 expeditius
624 1714 885 1786 sugerent.
987 1716 1101 1774 Deo
1147 1719 1351 1785 gratiae
1391 1722 1561 1788 actae,
1608 1723 1664 1774 et
1702 1731 1771 1774 ex
1812 1719 2074 1775 manubiis
2117 1718 2335 1774 donaria

110 1804 336 1878 templis
380 1805 549 1877 illata,
587 1806 799 1861 miseris
830 1806 988 1862 etiam
1016 1804 1369 1876 spoliatisque
1409 1806 1608 1876 passim
1652 1811 1707 1862 et
1745 1809 2059 1877 praesertim
2086 1806 2336 1865 ecclesiis

110 1892 457 1965 subventum,
499 1907 639 1964 quae
678 1893 868 1950 damna
905 1894 973 1950 ab
997 1895 1262 1963 {iungaris
1302 1907 1502 1964 passae
1529 1898 1694 1950 erant.
1767 1894 2117 1965 Luitprandus
2152 1894 2336 1967 refert,

113 1982 380 2052 praelium
407 1985 461 2037 in
490 1984 766 2054 superiore
795 1981 1221 2051 Hereburgensis
1248 1982 1436 2054 palatii
1472 1982 1765 2040 coenaculo
1786 1984 1945 2052 jussu
1970 1985 2115 2051 regis
2140 1998 2335 2054 zogra-

114 2070 250 2141 pbia
274 2085 614 2141 expressum
643 2072 786 2141 quod
813 2073 998 2141 inepte
1024 2071 1233 2141 quidam
1261 2073 1314 2126 in
1341 2070 1742 2143 topographiam
1759 2075 1988 2129 vertere.
2040 2071 2335 2143 Zographia

117 2164 212 2217 est
247 2162 484 2215 vivorum
513 2160 732 2232 pictura,
771 2159 861 2214 ubi
902 2164 1160 2214 motus‘et
1185 2165 1371 2228 gestus
1399 2158 1665 2217 bominum
1696 2162 2146 2231 animantiumque
2172 2173 2335 2232 spec-

120 2247 272 2306 tandi
309 2251 461 2317 sunt;
505 2246 645 2323 quod
677 2262 785 2303 non
825 2261 1000 2317 aeque
1039 2246 1096 2304 fit
1135 2250 1191 2304 in
1231 2248 1592 2320 topographia,
1637 2248 1730 2304 ubi
1772 2250 1944 2319 campi
1984 2251 2335 2320 potissimum,

120 2336 308 2407 sylvae
345 2341 402 2393 et
435 2337 570 2393 muri
609 2334 938 2393 exhibentur.
1011 2337 1159 2391 Hanc
1197 2337 1457 2408 picturam
1499 2337 1724 2394 sedente
1763 2338 1821 2393 in
1846 2350 1912 2392 ea
1939 2337 2072 2395 urbe
2100 2338 2334 2396 [litmaro

123 2427 381 2496 episcopo
420 2427 526 2494 jam
566 2424 910 2481 intercidisse
947 2424 1034 2480 vel
1073 2427 1130 2481 in
1170 2424 1497 2482 oblivionem
1524 2426 1758 2498 venisse,
1799 2431 2035 2498 apparet,
2076 2430 2201 2498 quia
2224 2441 2335 2483 non

121 2514 377 2584 meminit,
419 2513 510 2568 ubi
549 2515 776 2571 maxime
817 2516 1033 2570 occasio
1076 2518 1208 2571 eret.
1291 2515 1554 2571 Hem-icus
1588 2514 1960 2585 mersburgum
2004 2530 2153 2571 muro
2195 2516 2336 2585 cingi

118 2604 301 2674 jussit,
328 2605 384 2658 et
403 2591 692 2657 ecffiesiam
713 2615 781 2658 ex
800 2616 931 2658 saxo
957 2606 1209 2658 structam
1240 2602 1478 2658 dedicari
1510 2602 1590 2657 14.
1605 2602 1718 2658 Kal.
1734 2602 1872 2674 lun„
1899 2605 1958 2658 ut
1975 2604 2050 2658 ait
2069 2601 2336 2659 Ditmarus

125 2690 222 2747 lib.
239 2691 278 2761 1,
312 2692 402 2760 qui
429 2704 622 2746 annum
650 2704 759 2748 non
785 2689 959 2755 addit;
1001 2692 1174 2761 possit
1200 2690 1268 2746 ad
1295 2689 1435 2746 hunc
1460 2689 1665 2747 reterri.
1738 2689 1847 2746 Sub
1876 2688 1990 2746 tilio
2016 2690 2336 2747 cathedralis

126 2778 269 2835 facta
306 2783 403 2836 est.
502 2778 704 2849 Regem
742 2780 1105 2848 ilungaros-um
1151 2784 1360 2849 captam
1405 2778 1717 2848 spectaculo
1763 2777 1951 2849 fluisse,
1996 2778 2338 2849 weriamque

125 2868 409 2942 palatinam
435 2870 562 2924 tunc
604 2866 789 2924 urbem
831 2866 1045 2923 ductum
1083 2866 1268 2937 ibique
1298 2868 1477 2937 capite
1505 2868 1816 2937 truncatum,
1856 2863 2128 2922 'lidericus
2156 2866 2335 2938 Lange

126 2960 184 3014 in
211 2960 451 3027 poemate
479 2958 595 3014 radi
624 2956 691 3012 de
717 2956 951 3013 saxonia
977 2955 1143 3026 solus,
1185 2954 1329 3026 quod
1370 2959 1596 3026 constet,
1636 2956 1924 3011 memoriae
1961 2954 2209 3025 prodidit.
2279 2955 2334 3011 Is

131 3060 245 3102 mos
269 3059 374 3101 non
399 3045 798 3102 laudatissimus
825 3046 923 3100 ruit
945 3050 1187 3101 veterum
1214 3044 1587 3114 Romanorum
1619 3048 1679 3100 ut
1704 3042 1935 3099 bostium
1962 3043 2127 3100 duces
2154 3045 2210 3101 in
2238 3045 2337 3099 tri-

129 3133 320 3204 umpbo
343 3133 534 3189 ductos
561 3135 618 3190 in
645 3146 862 3191 carcere
889 3137 1159 3190 necarent.
1208 3132 1321 3203 Ego
1349 3133 1416 3189 ab
1446 3133 1620 3205 hoste,
1649 3132 1963 3190 crudelitate
1981 3146 2080 3189 sua
2100 3134 2335 3204 gentium

121 3228 243 3293 jura
268 3222 622 3294 proculcante,
647 3236 852 3294 poenas
880 3225 1079 3294 expeti,
1105 3237 1211 3279 non
1227 3221 1549 3294 improbem.

266 3310 351 3367 23.
401 3311 643 3381 Hagnam
661 3323 729 3368 ea
747 3312 967 3367 victoria
986 3310 1211 3381 gloriam
1239 3313 1469 3368 ilenrico
1497 3311 1721 3383 peperit,
1748 3309 2004 3368 liberator
2021 3311 2338 3370 Germaniae

131 3398 351 3472 babitus,
381 3403 435 3456 et
453 3414 485 3456 a
502 3398 714 3471 populis
745 3403 896 3470 pater
922 3402 1143 3471 patriae,
1169 3416 1200 3456 a
1217 3399 1471 3457 militibus
1501 3413 1568 3456 ex
1584 3400 1758 3456 veteri
1782 3414 1948 3474 more,
1978 3402 2026 3456 si
2043 3400 2333 3458 Witilriudo

131 3486 280 3560 tides,
313 3490 604 3560 imperator
641 3489 940 3559 appellatus
982 3495 1081 3544 est.
1155 3489 1315 3545 Visus
1357 3493 1444 3547 est
1481 3492 1712 3557 majores
1753 3503 1882 3546 snos
1920 3494 2123 3546 tantum
2148 3492 2334 3562 gestis,

130 3582 385 3649 quantum,
397 3576 659 3647 dignitate
683 3580 902 3634 vicisse.
974 3578 1160 3647 Legati
1187 3583 1486 3634 exterarum
1522 3581 1753 3648 gentium
1780 3592 2071 3648 regumque
2096 3577 2334 3647 gratula-

131 3663 288 3723 bundi
313 3665 617 3723 veniebant.
667 3667 996 3735 Hungaricos
1025 3666 1317 3738 triumphos
1343 3680 1502 3723 nemo
1529 3682 1638 3724 non
1664 3668 1731 3724 ad
1760 3680 1824 3724 se
1848 3670 2097 3736 spectare
2117 3665 2335 3734 judica-

132 3753 238 3810 bat.
321 3755 595 3826 Appendix
633 3755 922 3825 Reginonis
961 3755 1121 3812 aliam
1159 3758 1522 3827 ilungarorum
1557 3770 1766 3811 manum
1806 3755 2168 3827 praecedente
2194 3769 2333 3813 auno

129 3857 227 3914 per
252 3842 631 3901 allemanniam
671 3848 727 3900 et
753 3844 1025 3900 Franciam
1066 3845 1393 3916 orientalem,
1431 3845 1746 3900 transmisso
1783 3855 1952 3913 prope
1990 3843 2333 3904 wormatiam

130 3930 322 4003 Rheno,
357 3934 412 3988 in
437 3931 638 3989 Gallias
666 3932 924 4002 irrupisse
949 3936 1008 3989 et
1033 3947 1204 4004 usque
1229 3932 1298 3989 ad
1325 3946 1586 3989 oceanum
1612 3935 1943 4004 penetrasse,
1978 3934 2104 3990 inde
2129 3934 2331 3992 reflexo

132 4021 316 4078 itinere
340 4034 438 4091 per
462 4020 669 4076 ltaliam
696 4021 907 4078 domum
935 4022 1146 4078 redisse
1181 4022 1382 4078 scribit.
1453 4019 1561 4077 Sed
1598 4019 1703 4075 boc
1736 4018 2068 4079 Frodoardus
2107 4025 2332 4096 ignorat,

132 4111 222 4182 qui
247 4112 443 4167 tantum
470 4111 726 4179 meminit,
752 4109 855 4166 boc
873 4123 1014 4165 anno
1030 4112 1235 4181 partem
1254 4112 1617 4178 nungarorum
1636 4108 1841 4166 ltaliam
1858 4112 2084 4183 petisse,
2109 4125 2331 4183 magnos

131 4203 302 4258 tanen
327 4209 640 4268 progressus
668 4197 885 4269 iecisse,
912 4197 1063 4254 nullo
1089 4198 1287 4255 indicio
1315 4200 1542 4255 constat.

263 4285 350 4342 24.
401 4285 751 4357 Luitprandus
771 4288 1047 4355 Hungaros
1066 4286 1267 4344 Turcos
1287 4290 1458 4357 vocat,
1475 4288 1531 4343 in
1547 4284 1810 4359 versibus,
1827 4289 2022 4361 quibus
2039 4290 2330 4347 orationem

133 4375 333 4433 notrici
361 4372 630 4447 describit,
655 4373 748 4431 ubi
774 4373 910 4432 baec
937 4376 1208 4445 leguntur:

685 4463 838 4518 Nunc
865 4467 1010 4520 mala
1040 4465 1336 4520 Turcorum
1370 4467 1549 4521 nescia
1578 4467 1772 4523 Christi
