2817 4959
538 289 666 358 1⁸2
1110 286 1649 358 A‘NNALES
1709 282 2173 355 luminu

288 460 509 538 ιω
535 470 905 538 percussores,
943 464 1095 521 aedis
1124 477 1314 521 sacrae
1338 467 1711 535 temeratores,
1748 464 1992 535 raptores
2018 462 2195 517 rerum
2222 458 2655 519 naseuntur
2699 464 2796 523 vol

535 560 929 624 exasperantur.
973 552 1227 609 Placitum
1256 556 1469 609 comitis
1514 552 1712 624 placito
1738 552 1983 622 episcopi
2010 549 2181 621 cedat,
2209 551 2258 604 si
2284 550 2339 605 in
2365 549 2531 606 iden
2562 555 2796 623 tenpus

533 643 911 699 concurrerint.
983 640 1242 697 Clericus
1251 644 1431 712 etiam,
1459 644 1551 712 qni
1577 642 1910 696 necessitato
1935 638 2155 694 adactus
2181 636 2547 694 homicidium
2578 653 2795 712 perpe-

531 733 767 799 traverit,
796 731 1110 802 deponetur,
1138 744 1259 787 cum
1286 729 1550 800 praebere
1568 728 1765 785 debeat
1782 732 2063 797 utramque
2088 725 2369 782 maxillam.
2405 725 2795 798 Raptis-atis

530 819 843 888 mysterium
879 819 1098 874 nonnisi
1135 820 1192 875 in
1233 817 1503 890 paschatis
1549 822 1605 873 et
1642 820 1989 888 pentecostes
2026 814 2169 871 feste
2209 818 2525 886 peragetur.
2623 817 2789 875 Trina

529 908 804 964 immersio
849 908 1127 963 triduanae
1153 905 1464 976 sepultarae
1491 903 1688 961 Christi
1712 903 2013 974 symbolum
2039 903 2290 973 babetur3
2328 906 2385 960 et
2410 904 2491 959 ad
2522 909 2791 962 octavam

535 1008 711 1065 usqne
753 996 894 1051 diem
934 995 1269 1063 regeneratio
1311 1007 1465 1050 sacra
1504 993 1573 1048 ab
1615 994 1761 1049 omni
1803 992 2089 1048 christiano
2130 991 2333 1063 populo
2374 993 2788 1050 celebrabitur.

529 1082 779 1140 Periculo
819 1086 997 1138 tamen
1034 1083 1441 1152 praeoccupatis
1469 1082 1612 1137 omni
1651 1086 1896 1151 tempore
1920 1080 2345 1137 subveniendum
2374 1086 2491 1136 est.
2552 1081 2787 1138 Decima

531 1174 786 1242 antiquae
814 1169 1084 1226 ecclesiae
1113 1172 1273 1226 etiam
1301 1183 1372 1226 ex
1393 1170 1679 1226 novalibus
1707 1168 2004 1241 debebitur,
2042 1170 2151 1224 nisi
2190 1169 2331 1225 ultra
2372 1172 2629 1239 quatuor
2657 1170 2788 1227 mil·-

529 1258 688 1316 liaria
711 1258 905 1315 absint.
967 1256 1287 1329 sepulturae
1313 1257 1726 1315 celebrabuntur
1754 1258 1892 1328 apud
1922 1257 2289 1330 episcopalem
2314 1258 2669 1329 ecclesium
2698 1261 2785 1318 sin

528 1346 637 1404 boc
673 1346 953 1403 commode
994 1345 1114 1402 fieri
1152 1350 1403 1417 nequeat,
1445 1348 1586 1418 apud
1622 1345 1785 1402 aliam
1833 1349 2211 1403 canonicorum
2256 1349 2349 1401 ant
2376 1346 2785 1403 monachen-

528 1435 619 1493 vel
660 1434 1143 1491 sanctimonialium
1184 1437 1681 1505 congregationem:
1729 1435 1872 1504 quod
1912 1436 1961 1490 si
1999 1434 2106 1490 hoc
2144 1447 2359 1505 queque
2401 1436 2779 1506 ineongnum

529 1525 620 1595 sit,
645 1522 739 1579 ubi
765 1523 1024 1580 decimam
1052 1523 1396 1595 persolvebat
1422 1526 1594 1596 vivus,
1622 1523 1920 1594 sepeliatur
1944 1529 2210 1590 mortuus;
2252 1522 2351 1607 sed
2377 1522 2553 1580 loeus
2584 1525 2783 1596 sepel-

530 1613 684 1667 turae
710 1614 874 1680 gratis
902 1612 1128 1668 dabitur.
1200 1613 1263 1668 In
1301 1615 1422 1685 ipsa
1465 1612 1701 1669 ecclesia
1742 1611 1866 1668 laici
1892 1625 2003 1690 non
2028 1610 2374 1681 sepelientur.
2457 1611 2693 1671 Calices
2722 1618 2778 1670 et

527 1702 761 1770 patenae
788 1712 858 1755 ex
884 1704 1108 1771 argento
1135 1700 1281 1773 fiant,
1326 1704 1507 1758 vinam
1534 1713 1710 1773 aquae
1736 1702 2048 1774 permistum
2085 1701 2143 1758 in
2170 1698 2343 1757 calice
2368 1699 2609 1759 Demi&
2636 1701 2778 1761 ode-

526 1789 701 1854 ratnr3
730 1789 943 1843 tertiam
971 1792 1177 1858 partem
1206 1803 1345 1859 aqua
1374 1789 1556 1847 iaciet.

666 1875 721 1931 4.
794 1875 1004 1933 Causae
1040 1880 1182 1935 inter
1216 1878 1563 1951 presbyteros
1604 1884 1659 1937 et
1683 1879 1855 1937 laicos
1880 1881 1948 1938 ab
1976 1881 2238 1951 episcopo
2264 1878 2625 1938 definiantur.
2696 1879 2775 1937 Ita

524 1961 815 2034 negligitur
851 1966 1051 2038 regula,
1094 1982 1233 2038 quae
1268 1971 1505 2025 actorem
1544 1972 1625 2025 rei
1653 1968 1824 2024 forum
1852 1971 2008 2038 sequi
2029 1968 2200 2037 jubet.
2271 1968 2525 2041 Additur,
2555 1969 2767 2040 laicum,

529 2053 581 2109 si
607 2066 761 2124 opus,
783 2056 1086 2122 juramento
1116 2058 1601 2126 constringendum,
1630 2055 1999 2127 presbyterum
2026 2048 2136 2113 nen
2161 2060 2305 2127 item,
2334 2058 2426 2126 qui
2454 2061 2591 2115 vice
2610 2071 2770 2130 prae-

522 2140 816 2208 juramenti
855 2157 954 2211 per
991 2147 1233 2201 sanctam
1274 2146 1736 2200 consecrationem
1778 2144 2204 2214 interrogabitur.
2273 2143 2481 2201 Fidelis
2514 2148 2771 2203 libertate

527 2227 783 2284 notabilis
825 2230 912 2298 (id
937 2233 1027 2285 est
1052 2231 1347 2299 ingenuus)
1382 2233 1687 2299 juramento
1727 2245 1791 2287 se
1826 2247 1858 2288 a
1887 2234 2109 2289 crimine
2135 2246 2394 2290 excusare
2421 2240 2641 2305 potest.
2708 2234 2767 2290 Si

531 2318 710 2371 umen
750 2330 941 2386 magna
980 2319 1053 2372 sit
1091 2320 1345 2388 suspicio,
1389 2320 1639 2376 candenti
1680 2318 1821 2377 ferro
1864 2321 2268 2377 examinabitur.
2353 2322 2413 2377 Si
2454 2327 2638 2395 virgo,
2666 2322 2767 2379 sab

528 2403 829 2472 patrocinio
859 2406 1051 2475 posita,
1080 2410 1276 2476 sponte
1302 2421 1514 2465 sacrum
1539 2407 1787 2464 velamen
1814 2411 2134 2481 susceperit,
2176 2424 2487 2482 mumque
2519 2417 2579 2471 et
2604 2413 2761 2481 diem,

525 2488 676 2545 nullo
702 2495 1004 2575 repetente,
1031 2493 1210 2550 velata
1234 2499 1606 2569 permanserit,
1645 2511 1679 2552 a
1720 2501 1910 2553 sancto
1935 2496 2118 2554 babitu
2145 2512 2257 2556 non
2280 2500 2527 2559 recedat.
2602 2500 2673 2557 Et
2700 2513 2763 2556 ex

525 2577 777 2635 Africano
798 2581 1029 2638 concilio
1048 2584 1324 2655 repetitur,
1343 2588 1450 2641 etsi
1469 2587 1620 2655 virgo
1639 2589 1763 2642 ante
1781 2587 1866 2642 25.
1887 2600 2083 2642 annum
2094 2590 2399 2645 consecrari
2412 2604 2530 2649 nen
2546 2588 2761 2659 debeat,

528 2668 579 2723 si
616 2672 797 2725 tamen
835 2669 957 2741 hoc,
997 2676 1227 2740 cogente
1253 2677 1600 2745 necessitate,
1627 2673 1716 2730 vel
1745 2674 1815 2730 ob
1842 2677 2030 2731 mortis
2056 2675 2367 2749 periculum,
2404 2680 2502 2735 vel
2532 2678 2760 2748 exigen-

530 2755 675 2813 tibus
701 2756 787 2813 his
816 2757 925 2832 fiat,
953 2760 1020 2817 ad
1048 2776 1269 2832 quorum
1295 2764 1416 2835 ipsa
1444 2776 1622 2819 curam
1651 2766 1900 2834 pertinet,
1936 2764 2129 2821 stabile
2158 2778 2479 2823 mansurum.
2556 2766 2757 2822 Viduas

528 2844 718 2902 velare
742 2849 1053 2919 pontificum
1077 2851 1258 2907 nullus
1286 2855 1529 2924 attentet,
1570 2851 1712 2922 quod
1756 2858 1810 2908 et
1848 2854 1904 2907 in
1930 2853 2164 2909 decretis
2193 2853 2400 2910 Gelasil
2424 2855 2755 2925 prohibetur.

526 2932 588 2989 Si
615 2947 721 3004 qua
747 2940 962 3008 propria
987 2938 1264 2996 voluntate
1291 2943 1671 2997 continentiam
1697 2941 1947 3012 professa
1974 2944 2059 3013 sit,
2085 2957 2181 3013 pro
2198 2956 2262 2999 se
2285 2946 2549 3001 rationem
2567 2941 2754 2999 reddet

525 3019 663 3078 Deo.
733 3022 844 3078 Sed
871 3025 1009 3080 haec
1034 3031 1243 3084 sanctio
1271 3043 1398 3085 mox
1423 3030 1865 3101 interpretatione
1892 3030 2231 3102 subvertitur,
2277 3035 2657 3103 statuiturque,
2682 3031 2753 3097 ut,

529 3120 670 3179 quae
709 3114 905 3178 sponte
942 3112 1206 3184 velamen,
1249 3119 1493 3183 quamvis
1532 3130 1643 3172 non
1684 3122 2070 3187 consecratum,
2111 3119 2218 3174 sibi
2250 3122 2591 3191 imposuerit,
2618 3121 2676 3175 et
2700 3118 2754 3171 in

528 3196 768 3253 ecclesia
794 3197 933 3251 inter
959 3198 1166 3253 velatas
1203 3200 1531 3258 oblationem
1558 3202 1675 3258 Deo
1705 3204 1968 3275 detulerit,
1996 3205 2145 3276 velit,
2172 3205 2324 3277 nolit,
2361 3208 2754 3263 sanctimonia·-

525 3281 597 3337 lis
636 3281 871 3338 habitum
907 3290 1105 3340 servet.
1176 3287 1458 3344 Neminem
1499 3301 1711 3346 servum
1754 3294 2042 3363 episcopus
2083 3295 2310 3361 ordinet,
2352 3295 2461 3348 nisi
2501 3295 2755 3362 perfecta

524 3368 777 3426 libertate
805 3371 1086 3428 donetur..
1114 3371 1174 3428 Si
1209 3375 1329 3443 qais
1356 3388 1428 3430 ex
1468 3376 1842 3434 ecclesiastica
1879 3378 2084 3434 familia
2120 3382 2210 3450 (id
2237 3385 2420 3436 estex
2444 3382 2627 3437 servis
2659 3395 2755 3438 ec-

528 3459 765 3529 clesiae)
791 3461 956 3516 cultui
984 3461 1165 3519 divino
1192 3475 1256 3518 se
1282 3466 1585 3534 mancipare
1608 3465 1758 3538 velit,
1798 3471 1901 3537 (ex
1926 3465 2168 3537 Gregorii
2207 3468 2472 3540 decretis)
2514 3482 2633 3527 non
2660 3482 2753 3527 re·

526 3547 774 3618 pellatur.
846 3548 1167 3607 Honoranda
1206 3555 1291 3608 est
1318 3557 1503 3610 sancta
1529 3553 1765 3610 Romana
1793 3560 1849 3612 et
1874 3555 2177 3625 apostolica
2203 3557 2386 3630 sedes,
2426 3572 2567 3631 quoe
2599 3558 2748 3614 nobis

526 3626 635 3706 (ita
660 3639 876 3706 patres)
901 3643 1074 3695 mater
1100 3644 1178 3705 ert
1199 3642 1557 3699 sacerdotalis
1584 3643 1874 3717 amitam,
1913 3647 1995 3701 ita
2031 3649 2093 3700 ut
2132 3646 2202 3702 ab
2226 3661 2298 3703 ea
2332 3650 2496 3704 eum
2535 3652 2637 3705 vis
2655 3644 2745 3715 fo-

524 3725 701 3780 reuda
727 3728 1024 3784 toleremus.
1096 3727 1380 3800 Episcopis
1420 3732 1739 3789 inconsultis
1780 3733 2063 3804 presbyter
2100 3749 2206 3792 nec
2234 3739 2487 3794 constitui
2510 3749 2618 3792 nec
2642 3746 2742 3789 ex·

524 3811 658 3883 pelli
698 3818 906 3884 potest3
950 3815 1092 3887 quod
1129 3818 1178 3873 si
1220 3816 1550 3877 cohaeredes
1591 3824 1649 3878 in
1688 3823 2004 3893 presbytero
2042 3825 2367 3881 nominando
2406 3823 2739 3888 dissentiant,
2794 3854 2795 3863 2

527 3902 832 3975 episcopus,
875 3903 1101 3960 sublatis
1139 3904 1398 3980 reliquiis,
1441 3909 1652 3966 claudat
1687 3908 1882 3968 aedem
1921 3926 2144 3984 sacram,
2186 3912 2361 3971 donec
2398 3910 2736 3972 concordent·

523 3987 783 4047 Placitum
811 3991 1002 4049 diebus
1029 3993 1204 4066 festis,
1228 3998 1323 4051 aut
1348 3998 1807 4071 quadragesimae,
1852 4006 1943 4056 aut
1977 4003 2317 4073 jejuniorum,
2350 4001 2533 4059 nullus
2556 4005 2734 4056 come⁸

527 4082 680 4149 agat:
726 4084 1045 4137 constitutus
1071 4083 1128 4138 in
1155 4085 1487 4154 poenitentia
1528 4089 1597 4143 ad
1622 4087 1875 4158 placitum
1901 4103 2012 4145 non
2039 4096 2144 4146 eat.
2202 4089 2404 4146 'Mulier
2444 4086 2731 4147 concubina

526 4171 632 4238 est,
657 4180 764 4223 non
792 4173 1002 4239 conjux,
1029 4172 1137 4227 nisi
1163 4171 1333 4229 libera
1360 4177 1448 4244 sit,
1490 4178 1545 4232 et
1572 4176 1754 4233 dotata
1777 4173 2032 4247 legitime,
2070 4181 2129 4235 et
2153 4177 2386 4249 publicis
2412 4179 2609 4252 nuptiis
2634 4173 2732 4228 1¹⁰·-

525 4258 755 4313 nestata.
793 4252 874 4311 lla
897 4254 1038 4313 liber
1062 4258 1240 4333 homo,
1268 4264 1360 4332 qui
1386 4263 1650 4336 libertam,
1677 4264 1782 4320 boc
1806 4269 1894 4321 est
1921 4278 1990 4322 ex
2014 4266 2209 4322 ancilla
2238 4280 2337 4337 per
2361 4264 2729 4325 munem-

525 4357 651 4401 nem
670 4346 736 4400 ‹et
759 4344 996 4414 regalem
1021 4345 1359 4414 largitionem
1384 4350 1611 4409 liberam
1638 4352 1853 4426 factam,
1880 4355 1936 4411 in
1963 4357 2354 4412 matrimonium
2378 4357 2600 4427 duxerit,
2624 4361 2724 4407 ποῦ

524 4433 701 4490 minus
726 4433 995 4508 retinebit,
1049 4450 1208 4508 quam
1236 4439 1284 4493 si
1309 4451 1512 4508 genere
1533 4443 1868 4512 quantumvis
1893 4441 2065 4503 nobili
2091 4448 2373 4517 procreata
2400 4447 2564 4505 esset-
2632 4435 2725 4503 0¹¹
