2817 4959
652 286 1187 360 Anninus
1253 287 1717 359 munii
2163 290 2297 366 082

43 479 171 525 cum
215 463 665 522 obsidio-ense
702 464 914 535 inicam
950 469 1011 521 et
1049 464 1266 522 dmidio
1305 464 1567 536 dum,
1605 463 1930 537 memque
1967 465 2138 538 portis
2173 464 2548 538 reginam,

41 556 283 629 apertis,
316 551 550 611 Ludoiio
589 567 712 610 curn
757 554 925 610 sociis
964 557 1207 624 potestas
1243 552 1559 610 discedendi
1597 551 1723 611 data
1747 557 1850 624 est,
1879 553 2106 626 diesque
2128 557 2298 612 resti·

41 644 300 701 tuendae
332 643 488 713 pacis
515 641 763 713 publicae
790 641 930 721 apud
959 641 1303 699 Fritislariem
1330 641 1523 698 dictus.
1581 641 1845 698 ile-ricus
1880 642 2071 699 deinde
2098 643 2298 702 Hercl-

39 735 175 791 dnm
207 730 690 803 archiepiscopum
735 731 871 801 apud
910 728 1245 786 fluidorfium
1285 736 1496 800 captum
1523 730 1698 787 oculis
1743 729 1920 786 orbari
1940 733 2121 803 jussit,
2145 732 2300 790 Neu·-

41 823 288 891 burgum
310 820 383 876 ad
397 818 697 875 Danubium
710 821 930 891 recepit,
943 818 1234 876 Ratisbona
1266 832 1407 891 pene
1426 821 1599 877 omnis
1613 819 1853 891 proxima
1864 824 2024 876 nocte
2042 820 2298 878 incendio

41 910 288 967 fortuito
312 907 677 977 conflagravit.
694 906 756 963 ld
777 906 1073 977 Wiguiejus
1098 908 1337 965 Hundius
1368 906 1454 963 18.
1480 907 1597 964 Kal.
1616 908 1749 976 Aug.
1775 908 2071 978 contigisse
2090 909 2296 966 scribit.

39 999 158 1056 Sed
175 998 376 1055 serius
395 993 593 1054 sactum
612 999 841 1067 oportet,
869 996 918 1051 si
946 995 1151 1054 Tuscae
1174 998 1261 1053 15.
1286 994 1403 1056 Κιῐ.
1429 994 1562 1052 Julii
1587 999 1868 1053 tractatum
1901 1001 2003 1069 est,
2031 1000 2087 1054 et
2103 1002 2296 1069 postea

40 1087 278 1144 obsidio
312 1099 417 1141 sex
447 1084 760 1154 septimanis
786 1083 1010 1141 duravit.

196 1175 296 1234 13.
378 1171 526 1244 Otto,
569 1171 731 1229 rebus
767 1186 908 1243 pene
935 1172 1182 1230 omnibus
1224 1186 1292 1230 ex
1318 1172 1588 1230 sententia
1615 1115 1895 1246 confectis,
1928 1173 1986 1230 in
2012 1172 2297 1231 Saxoniam

40 1263 391 1335 regreditur.
462 1260 545 1317 lbi
571 1259 709 1332 apud
736 1260 1040 1320 salveldum
1067 1264 1355 1320 venatione
1380 1274 1446 1319 se
1470 1262 1737 1319 recreanti
1762 1264 1870 1334 (ita
1906 1261 2031 1331 lego
2061 1277 2158 1336 pro
2183 1263 2300 1319 Su-

40 1354 274 1411 vcldam
312 1349 460 1423 apud
486 1348 862 1420 witikindum)
906 1349 1140 1407 offerens
1180 1365 1309 1409 sese
1332 1351 1547 1408 nudatis
1581 1351 1779 1422 plantis
1806 1350 1947 1409 iilius
1973 1353 2297 1425 improvisus

42 1442 116 1499 ud
145 1441 334 1514 pedes
364 1438 579 1509 accidit,
609 1441 665 1494 et
689 1440 932 1495 oratione
958 1438 1123 1496 flebili
1158 1442 1325 1511 patris
1360 1444 1593 1497 animum
1621 1442 1923 1497 commovit.
1994 1439 2129 1496 Cum
2149 1440 2299 1498 inte-

44 1546 205 1601 grum
236 1527 569 1598 obsequium
606 1527 912 1598 sponderet,
960 1527 1273 1586 sublevatus
1312 1531 1538 1601 paterno
1565 1543 1762 1602 amore,
1793 1530 1929 1587 etin
1954 1531 2177 1598 gratiam
2201 1541 2299 1586 re-

47 1621 253 1689 ceptus
279 1619 392 1674 est.
430 1614 678 1672 Accessit
684 1617 871 1686 juveni
888 1616 1137 1673 solatium
1161 1632 1230 1673 ex
1248 1617 1360 1674 lilio
1382 1625 1510 1675 nuto
1510 1630 1698 1691 ,quern
1718 1616 1966 1676 ottonem
1986 1616 2312 1688 appellavit.‘

46 1705 304 1763 Ducatus
333 1703 709 1760 Allenanniae
737 1703 1001 1761 Burcardo
1024 1707 1134 1775 jain
1180 1706 1334 1762 datus
1382 1710 1515 1778 erat,
1557 1706 1648 1777 qui
1686 1707 1779 1776 (ut
1806 1704 2013 1774 ierunt)
2056 1718 2296 1763 sororem

46 1794 298 1853 Udalrici
361 1794 611 1864 episcopi
674 1791 992 1863 Lutgardem
1030 1796 1088 1850 in
1141 1792 1476 1851 matrimonio
1514 1794 1788 1851 babuerat.
1867 1791 2298 1852 Helie-etenim

48 1886 317 1940 comitem
350 1879 483 1937 iacit
508 1881 796 1938 chronicon
815 1881 1050 1938 australe
1086 1882 1154 1939 ad
1178 1897 1229 1940 a.
1257 1882 1321 1940 D.
1349 1883 1476 1954 9⁵⁷3
1516 1884 1712 1956 prioris
1738 1882 1988 1939 Bur-cardi
2014 1881 2166 1939 ducis
2193 1895 2299 1953 ge-

47 1984 187 2031 nere
218 1975 402 2027 ortum
431 1968 597 2026 facile
623 1970 956 2027 crediderim.
1014 1970 1074 2027 ld
1100 1976 1244 2029 stare
1271 1970 1491 2043 placuit.
1561 1971 1812 2029 chronici
1837 1976 2016 2028 tamen
2042 1971 2297 2029 australis

49 2064 209 2120 autor
234 2059 501 2116 Burcardi
529 2058 842 2129 dignitatem
868 2060 924 2114 iu
960 2057 1167 2114 Ludolii
1195 2063 1419 2116 mortem
1447 2058 1638 2118 diflert.
1708 2059 1818 2117 Sed
1845 2065 2297 2131 contemporaneo

46 2149 189 2205 fides
228 2146 489 2204 habenda
548 2149 637 2204 est
677 2148 1033 2203 continuatori
1085 2146 1394 2219 Reginonis,
1458 2148 1598 2220 apud
1637 2162 1795 2219 quem
1851 2162 1994 2204 nunc
2036 2145 2296 2206 Lndoiins

50 2237 313 2294 ducatum
355 2237 608 2306 resignat,
654 2213 953 2292 Burcardus
985 2236 1213 2307 accipit.
1270 2236 1372 2294 sed
1406 2235 1512 2307 bic,
1550 2235 1785 2294 fortasse
1825 2239 2130 2294 reverentia
2157 2238 2298 2307 recti

47 2327 293 2397 iuvenis,
323 2323 468 2380 baud
494 2323 642 2395 prius
668 2323 839 2380 voluit
855 2326 933 2381 uti
955 2329 1244 2397 potestate,
1263 2338 1422 2396 quam
1449 2322 1542 2380 ubi
1558 2324 1657 2381 iile
1682 2324 1936 2382 decessit.
1972 2324 2296 2382 Burcardum

50 2414 278 2490 Benrici
309 2412 462 2469 ducu
490 2411 654 2469 fllium
681 2412 901 2470 duxisse
939 2414 1153 2470 addunt.
1225 2411 1542 2482 Lutgardem
1583 2419 1744 2470 vocat
1770 2413 1993 2470 Crusius
2037 2413 2172 2484 (sed
2195 2426 2312 2485 per*

49 2516 319 2570 errorem,
346 2513 473 2555 nam
496 2502 553 2556 id
572 2504 764 2572 prioris
784 2504 1027 2570 conium
1040 2515 1235 2559 nomen
1260 2504 1426 2573 erat),
1443 2501 1746 2559 Brunnerus
1761 2503 1961 2559 rectius
1982 2501 2294 2571 Hudwigam

34 2602 122 2664 ex
146 2585 483 2643 Ekkibardo.
550 2586 666 2654 Ego
692 2587 831 2644 banc
856 2590 1087 2643 nondum
1118 2594 1246 2643 tunc
1270 2589 1528 2658 nubilem,
1553 2594 1757 2645 tantum
1799 2590 2177 2661 desponsatam
2199 2592 2295 2660 iu-

46 2678 198 2734 dice.
276 2670 491 2728 Graece
523 2672 817 2745 Latineque
859 2674 1015 2731 docta
1053 2674 1403 2745 praedicatur,
1446 2674 2038 2745 Constantinopolitano
2066 2678 2296 2750 principi

49 2765 352 2832 destinata,
382 2765 660 2831 corrugata
687 2760 865 2817 stoute
897 2762 1162 2831 tortisque
1189 2761 1360 2816 oculis
1399 2759 1604 2819 formae
1632 2762 1955 2832 elegantiam
1984 2768 2293 2836 corrupisse

50 2851 330 2920 scribitur,
358 2850 575 2920 quoties
603 2862 666 2904 se
694 2849 1011 2921 pingendam
1040 2846 1304 2918 praebere
1331 2848 1640 2921 cogebatur,
1666 2857 1726 2907 ut
1752 2851 1951 2908 tabeiia
1979 2851 2293 2911 Constanti-

48 2939 280 3012 nopolin
309 2936 659 3009 personatui.
728 2935 987 2993 Ludoifus
1016 2936 1430 2994 Fritisiariensia
1476 2939 1692 2995 comitia
1719 2941 2114 3012 praevenienda
2141 2943 2292 3014 judi.-

55 3032 294 3097 caverat,
341 3038 417 3084 ue
460 3024 587 3094 iege
624 3029 678 3082 in
722 3038 789 3082 se
829 3029 1092 3094 ageretur.
1162 3024 1280 3081 Jam
1308 3025 1427 3081 dies
1453 3040 1641 3084 eorum
1666 3029 2143 3104 appropinquabat,
2169 3046 2290 3091 cum

57 3116 262 3174 differri
292 3113 514 3187 placuit,
540 3115 783 3170 nuntiato
810 3113 1063 3169 Friderici
1086 3113 1479 3186 archiepiscopi
1503 3115 1710 3173 morbo.
1761 3142 1770 3151 ·

199 3205 289 3261 14.
364 3202 564 3258 Secuta
596 3208 684 3259 est
710 3216 853 3258 mors
870 3201 922 3259 8.
942 3202 1060 3259 Kal.
1075 3202 1349 3275 Nevenb„
1376 3209 1439 3260 ut
1462 3203 1663 3263 babent
1689 3204 1815 3263 iusti
1835 3207 2023 3264 nostri.
2047 3206 2292 3266 Eundem

61 3293 203 3349 diem
229 3299 537 3363 anuumque
560 3289 727 3348 babet
752 3290 1087 3364 Tritbcmius,
1124 3306 1193 3349 ex
1232 3294 1403 3363 ipsius
1431 3291 1703 3350 Guilieimi
1741 3295 2134 3369 archiepiscopi
2160 3310 2292 3354 suc-

64 3384 303 3439 cessoris
331 3381 660 3437 testimonio.
733 3379 1047 3450 sigebertus
1074 3381 1216 3437 male
1238 3381 1296 3437 in
1340 3382 1615 3439 biennium
1658 3381 1846 3453 differt.
1916 3383 2185 3443 Laudatur
2217 3385 2290 3443 ob

62 3471 345 3541 religionis
372 3469 721 3525 severitatem
755 3472 812 3525 et
835 3469 981 3525 vitae
1009 3469 1403 3536 abstinentiam,
1432 3471 1530 3528 sed
1553 3470 1796 3543 culpatur
1817 3472 1887 3529 ob
1907 3471 2137 3532 factiosa
2154 3487 2292 3533 cou-
2387 3469 2390 3472 ’

66 3557 204 3615 silia.
275 3558 504 3614 Habitus
532 3561 619 3614 est
642 3556 712 3613 ab
740 3556 939 3613 ottone
966 3558 1211 3624 alienior,
1240 3558 1440 3616 odione
1465 3560 1583 3631 viri,
1611 3574 1682 3618 an
1706 3561 1959 3618 saxonici
1986 3562 2290 3620 dominatus

66 3644 342 3704 incertum.
415 3645 484 3703 ut
506 3647 735 3717 mimum
760 3645 957 3717 aliquis
994 3647 1176 3704 ottoni
1215 3648 1556 3706 adversarius
1585 3653 1893 3720 emeruerat,
1926 3652 2050 3722 ipse
2081 3663 2286 3710 secun-

71 3731 186 3790 dum
205 3747 268 3790 se
286 3733 534 3792 addebat.
572 3733 863 3792 Giselberti
888 3735 1041 3791 ducis
1058 3734 1223 3793 fllium
1243 3735 1372 3793 facit
1390 3736 1564 3794 codex
1587 3740 1762 3795 minor
1800 3737 2043 3812 Serrarii,
2070 3738 2289 3797 tranem

71 3816 387 3893 Bruscbius;
418 3827 668 3880 nentrum
711 3824 953 3895 speciem
979 3826 1097 3881 veri
1128 3824 1308 3896 babet,
1337 3827 1443 3884 etsi
1470 3826 1741 3884 &narius
1768 3826 2127 3885 Bruscbianae
2154 3841 2289 3886 sen·

68 3909 266 3969 tentiae
289 3910 486 3968 faveat.
518 3912 780 3970 Francum
804 3912 1135 3986 orientalem,
1156 3927 1267 3972 nou
1280 3914 1682 3973 Letharieusem
1709 3914 2042 3987 crediderim,
2061 3920 2118 3974 et
2133 3915 2289 3974 Con-

70 3998 179 4054 radi
214 4002 362 4072 regis
406 4000 648 4060 familiae
686 4004 1083 4074 propinquitate
1111 4001 1293 4076 aliqua
1328 4006 1599 4061 innexum.
1670 4002 1831 4061 Certe
1873 4002 2139 4062 illustrem
2166 4010 2288 4063 ortu
2327 4069 2342 4082 ‚

69 4081 250 4160 fuisse,
271 4088 361 4145 vel
401 4101 472 4147 ex
495 4089 768 4161 epitaphio
806 4089 1094 4160 inteiligas.
1168 4093 1214 4149 Α
1253 4104 1384 4163 rege
1428 4092 1607 4165 palam
1641 4093 1915 4166 dissensit,
1954 4093 2097 4165 quod
2124 4098 2288 4166 pacta

72 4182 184 4230 cuin
216 4175 525 4235 Eberberdo
561 4182 679 4236 rata
718 4178 919 4237 babere
961 4180 1151 4253 nollet,
1196 4194 1338 4253 quae
1376 4181 1815 4256 archiepiscopus
1852 4183 1993 4239 ultra
2030 4180 2286 4239 mandata

70 4258 268 4321 interut.
336 4264 528 4339 itaque
552 4272 919 4340 transgressus
946 4272 1004 4326 in
1028 4275 1237 4342 partem
1272 4268 1520 4345 bostium,
1559 4273 1857 4343 captusque
1896 4273 1953 4328 et
1984 4270 2287 4345 restitutus,

71 4352 232 4418 ¹⁸8¹·
257 4356 415 4412 amici
441 4358 632 4429 specie
664 4360 866 4431 nocuit,
910 4373 1030 4416 cum
1060 4358 1226 4415 lilium
1267 4361 1416 4429 regis
1448 4372 1812 4431 generumque
1851 4357 2069 4446 obuque
2095 4359 2152 4416 iu
2178 4358 2285 4415 dc·

73 4437 260 4498 uiuum
283 4445 630 4522 stimulasset,
665 4461 733 4507 ea
758 4454 875 4507 arte
910 4443 1062 4523 ‘quae
1084 4448 1290 4508 revinci
1313 4462 1425 4509 uon
1457 4453 1663 4524 posset.
1735 4449 1791 4506 s.
1830 4447 1974 4508 Petri
2006 4449 2197 4508 aedem
2222 4452 2284 4507 et
