2817 4959
625 279 1238 362 ‘ANNALES
1309 284 1762 355 luminii
1965 387 1974 401 1
2206 279 2342 359 ’307

112 456 319 517 Galliae
345 454 591 528 capellae
616 454 671 512 S.
700 453 995 514 Clementis
1022 452 1161 529 apud
1203 454 1589 529 compendium
1614 463 1742 531 post
1766 461 2136 533 Septembrem
2162 465 2332 537 privi-
2360 467 2426 538 Α,
2441 463 2569 534 918,

105 547 307 617 legium
333 545 498 617 dedit,
540 543 682 615 quod
723 546 864 616 apud
890 545 1231 603 Habilionem
1287 546 1379 604 lib.
1401 548 1494 605 vl.
1523 549 1604 605 rei
1630 549 2007 621 diplomaticae
2033 555 2238 625 extans,
2267 553 2336 610 ad

101 635 564 693 confirmationem
583 633 903 703 epocharum
924 636 1255 692 annotamus.
1300 636 1505 692 Datum
1521 639 1708 696 indict.
1724 641 1773 694 7.
1794 654 1939 695 anno
1957 642 2046 695 26.
2074 647 2337 712 requam

110 725 312 783 Gar-olo
335 723 743 797 ylariosaksimo,
773 724 1179 794 redintegrante
1203 725 1294 795 21,
1320 727 1563 796 largiore
1587 726 1923 784 haereditata
1950 730 2166 798 indepta
2197 733 2247 787 7.

251 815 334 869 15.
409 810 625 868 obitum
650 810 923 868 wilhelmi
952 811 1030 867 Pii
1067 812 1389 882 Aquitaniae
1429 813 1581 870 ducis
1619 820 1782 871 notae
1824 813 2108 874 chronicae
2134 819 2336 875 instru-

105 903 275 959 menti
303 917 337 958 a
361 900 582 958 Labbeo
626 902 683 955 in
711 898 1077 956 Miscellaneis
1104 899 1304 957 laudati
1342 900 1585 959 referunt
1623 904 1680 960 in
1719 916 1914 960 annum
1950 902 2131 961 Caroli
2166 906 2251 979 20,
2278 908 2334 963 id

101 995 194 1050 cst
220 989 418 1047 Christi
445 988 568 1046 917.
596 987 685 1044 vel
713 987 821 1047 918
846 989 897 1045 ¹⁸⁸.
970 984 1274 1047 chronicon
1312 990 1687 1050 masciacense
1724 991 1797 1047 ab
1827 992 2020 1049 eodem
2046 998 2192 1051 tomo
2236 1008 2336 1052 se-

106 1078 284 1137 cundo
312 1077 687 1162 Bibliotbecae
715 1075 934 1151 editum,
976 1079 1030 1133 in
1059 1094 1110 1135 a.
1132 1077 1193 1134 D.
1225 1077 1347 1135 919.
1420 1078 1531 1135 Sed
1557 1094 1655 1151 pro
1685 1079 1804 1136 918.
1854 1085 1961 1137 stat
1988 1084 2151 1140 etiam
2178 1083 2332 1154 nugo

98 1169 527 1227 flaviniacensis
568 1165 737 1224 abbas
765 1181 883 1223 cum
913 1165 1166 1224 chronico
1206 1167 1591 1239 Halleacensi3
1640 1181 1869 1239 eumque
1916 1170 2063 1228 velut
2097 1173 2332 1229 medium

100 1259 391 1330 sequimur.
464 1255 836 1311 Masciacense
871 1255 1223 1326 lugalbergae
1268 1258 1514 1327 conjugis
1559 1261 1782 1313 morton
1824 1261 2116 1330 conjungit.
2186 1260 2330 1317 Boeo

100 1345 244 1401 lilius
272 1349 430 1400 antea
459 1341 683 1400 obierat.
737 1343 1196 1414 Deprehendimus
1223 1348 1435 1416 postea,
1463 1348 1626 1401 etiam
1653 1343 1993 1404 flabilionem
2035 1351 2091 1403 in
2120 1349 2332 1405 annali·

101 1434 206 1491 bus
245 1434 386 1490 bunc
429 1447 642 1506 annum,
679 1446 742 1492 ro
781 1429 1041 1507 discussa,
1081 1432 1327 1504 probare.
1397 1432 1529 1491 Dies
1565 1436 1749 1490 mortis
1776 1436 1912 1506 prid.
1937 1437 2072 1493 Non.
2090 1435 2195 1493 Jul.
2249 1437 2331 1493 Pii

105 1525 442 1592 cognomine,
470 1520 650 1594 credo,
679 1521 999 1579 wilhelmus
1027 1527 1286 1595 provecta
1322 1522 1534 1580 demum
1563 1527 1741 1580 aetate
1771 1522 1960 1594 dignus
1989 1524 2203 1583 habitus
2227 1532 2329 1585 est.

100 1612 237 1670 Nam
259 1612 383 1667 dum
411 1611 629 1680 sanguis
657 1610 840 1682 caluit,
867 1612 1030 1668 armis
1059 1609 1426 1682 caedibusque
1465 1609 1622 1668 fortis
1668 1612 1775 1667 dici
1802 1615 2030 1670 meruit:
2079 1626 2183 1671 nec
2223 1613 2328 1671 ab·

101 1700 205 1757 fuit
231 1698 560 1757 crudelitatis
588 1700 879 1772 accusatio,
908 1715 1027 1755 cum
1055 1700 1323 1758 aemulum
1348 1700 1627 1768 nugonem
1652 1699 2041 1763 Bituricensem
2061 1706 2326 1777 comitem,

102 1791 213 1848 etsi
237 1788 468 1845 deditum
497 1795 551 1844 et
579 1787 918 1845 clementiam
945 1788 1335 1860 implorantem,
1364 1789 1683 1844 amissorum
1711 1802 1929 1845 suorum
1969 1790 2156 1848 dolore
2185 1790 2325 1847 effe·

94 1883 250 1936 ratus
276 1877 488 1948 occidit,
517 1879 743 1948 ejusque
773 1879 1080 1934 comitatum
1108 1875 1215 1932 sibi
1244 1876 1551 1932 vindicavit.
1623 1876 1732 1932 Sed
1767 1876 1905 1933 baec
1944 1879 2167 1935 crimina
2201 1883 2328 1938 tunc

90 1966 393 2025 liberalitas
428 1967 486 2023 in
513 1965 711 2022 clerum
741 1965 1012 2022 abolebat.
1084 1966 1205 2021 Tria
1235 1971 1383 2021 certe
1409 1964 1744 2020 Benedictini
1772 1966 2003 2020 instituti
2047 1969 2328 2024 monaste-

93 2058 177 2113 ria
217 2054 478 2126 condidit,
516 2052 896 2126 cluniacense,
937 2054 1290 2110 Celsiacense
1327 2058 1383 2109 et
1420 2052 1884 2122 Magenciacense.
1956 2054 2211 2125 Sepultus
2240 2060 2328 2112 est

87 2145 235 2216 apud
263 2143 319 2200 S.
338 2142 605 2200 lulianum
632 2142 1018 2211 immensam,
1046 2140 1136 2197 ubi
1165 2142 1314 2198 velut
1341 2142 1582 2198 ordinem
1618 2143 1809 2212 viginti
1837 2143 2070 2212 quinque
2098 2142 2332 2204 militum

87 2235 211 2291 sive
240 2233 481 2303 equitum
507 2232 830 2303 instituerat,
859 2232 950 2303 qui
977 2229 1243 2288 bellarent
1268 2231 1326 2287 in
1352 2227 1706 2303 Normannos‚
1740 2233 1885 2286 versi
1914 2230 2107 2287 deinde
2134 2233 2191 2286 in
2228 2244 2326 2290 ca·

85 2325 338 2394 monitos,
366 2320 686 2377 documento
712 2320 947 2389 chartae,
975 2334 1132 2392 quam
1159 2319 1379 2391 Savaro,
1419 2320 1502 2374 vir
1529 2318 1769 2375 doctrina
1806 2321 2070 2394 cognitus,
2110 2320 2179 2379 ad
2212 2319 2326 2377 Be-

84 2412 227 2468 lium
252 2411 426 2480 misit3
477 2410 568 2480 qui
595 2407 736 2464 bunc
763 2411 990 2480 primurn
1029 2409 1086 2464 in
1122 2406 1256 2463 orbe
1294 2407 1535 2463 ordinem
1577 2408 1861 2465 militarem
1900 2407 2073 2465 fuisse
2114 2411 2322 2465 statuit.

83 2498 322 2558 Ranull'o
343 2498 548 2567 juniori
575 2499 761 2553 contra
788 2496 1106 2552 Ademarum
1135 2493 1285 2552 favit.
1359 2495 1483 2552 lllo'
1507 2498 1650 2553 enim
1696 2509 1766 2552 ex
1791 2495 2018 2553 Ranulfo
2051 2496 2323 2553 Guilielmi

83 2593 281 2663 pan-uo
307 2591 467 2646 natus
497 2589 647 2657 erat;
701 2600 825 2641 mox
859 2584 1024 2642 filium
1052 2585 1172 2652 ejus
1199 2582 1428 2639 Ebalum
1457 2582 1524 2639 ll.
1562 2583 1628 2640 ad
1656 2586 2055 2655 recuperandos
2085 2584 2320 2641 bonores

81 2679 296 2753 patrios
338 2675 579 2732 armavit.
648 2673 720 2729 m
756 2672 1004 2731 Pictavos
1046 2675 1166 2729 sive
1205 2671 1491 2729 inferiores
1526 2671 1822 2742 Aquitanos
1866 2672 2149 2743 tenebant;
2202 2675 2322 2745 ipse

78 2767 373 2836 Arvernos,
393 2764 447 2820 id
467 2768 555 2821 est
571 2763 896 2835 superiores,
923 2761 1162 2833 regebat,
1190 2763 1433 2833 potentia
1461 2765 1640 2816 tamen
1667 2766 1722 2817 et
1741 2764 1795 2815 in
1812 2759 2053 2830 reliquos
2080 2765 2320 2818 extensa.

79 2854 250 2912 Tales
286 2853 451 2923 vulgo
480 2852 663 2923 duces,
699 2865 733 2907 a
759 2849 976 2922 regibus
1002 2863 1154 2922 vero,
1177 2860 1346 2921 saepe
1376 2850 1536 2904 etiam
1567 2863 1600 2905 a
1635 2860 1698 2905 se
1725 2850 1861 2919 ipsis
1889 2851 1945 2904 in
1972 2846 2188 2920 tabulis,
2219 2863 2319 2905 co-

77 2944 247 3001 mites
274 2946 333 2998 et
358 2939 694 2997 marchiones
736 2938 1065 2997 dicebantur.
1135 2936 1311 2993 Etiam
1352 2936 1719 2992 Bituricenses
1765 2934 2079 2993 Guilielmus
2116 2934 2318 3010 habuit,

77 3031 182 3088 sed
211 3044 314 3087 eos
342 3043 441 3086 rex
469 3027 588 3085 Odo
613 3027 846 3086 Roberto
877 3027 1023 3084 fratri
1051 3029 1419 3084 concesserat.
1489 3024 1779 3083 wilhelmo
1822 3027 1878 3082 in
1905 3026 2179 3098 Arvernia,
2208 3024 2318 3082 Ca-

75 3119 202 3176 rolo
231 3132 364 3189 rege
392 3117 671 3190 probante,
699 3117 967 3174 successit
993 3115 1133 3173 alius
1163 3113 1498 3186 wilhelmus,
1523 3127 1595 3170 ex
1617 3113 1883 3171 Adelinda
1911 3127 2100 3171 sorore
2124 3127 2316 3186 nepos,

74 3207 304 3264 Acirido
335 3207 533 3263 comite
557 3211 747 3273 natus;
800 3209 887 3262 cui
914 3221 961 3261 a.
991 3204 1052 3261 D.
1082 3205 1204 3261 927.
1240 3205 1362 3261 sine
1387 3202 1626 3260 haerede
1653 3204 1892 3260 extincto
1930 3201 2187 3259 suffectus
2228 3208 2316 3263 est

71 3297 288 3353 Ebalns
329 3295 428 3352 ille
467 3294 535 3368 11,
577 3300 852 3366 totamque
889 3295 1231 3367 Aquitaniam
1269 3306 1376 3349 uua
1426 3293 1714 3349 autoritate
1763 3294 2054 3361 conjunxit.
2127 3289 2314 3346 Belius

71 3384 431 3444 wilhelmum
481 3385 749 3441 seniorem
809 3385 926 3440 sive
964 3382 1112 3438 Pium
1153 3380 1224 3437 ad
1269 3394 1391 3438 eum
1434 3394 1611 3452 usque
1647 3395 1841 3438 annum
1883 3381 2311 3444 continuaverat3

69 3474 182 3532 sed
206 3472 455 3530 Labbeus
495 3475 552 3529 in
580 3470 947 3530 miscellaneis
969 3472 1236 3540 juniorem
1266 3470 1421 3542 eruit,
1467 3471 1559 3542 qui
1587 3484 1635 3527 a.
1662 3469 1727 3525 D.
1754 3468 1875 3526 919.
1923 3468 2311 3524 Bituriceusem

64 3561 273 3620 urbem
319 3561 445 3619 dolo
474 3563 776 3633 intercepit,
821 3565 1070 3631 tauquam
1111 3558 1522 3631 praedecessori
1568 3572 1666 3615 suo
1705 3560 1818 3627 jam
1864 3556 2114 3613 debitam.
2199 3553 2309 3613 Sed

66 3653 232 3707 cives
260 3663 332 3707 so
357 3664 543 3706 rursus
570 3650 842 3708 vindicant
881 3652 938 3706 in
978 3648 1301 3718 libertatem,
1338 3647 1514 3705 donec
1538 3645 1855 3704 wilhelmus
1892 3659 2013 3701 cum
2040 3654 2171 3713 rege
2195 3642 2308 3698 Ru-

65 3738 226 3797 doli'o
253 3741 314 3796 in
332 3742 555 3809 gratiam
581 3740 755 3812 rediit,
782 3742 840 3796 et
868 3739 1175 3795 comitatum
1202 3736 1589 3794 Bituricensem
1614 3736 1823 3806 recepit
1850 3748 1898 3790 a.
1915 3733 1976 3789 D.
1996 3731 2115 3787 924.
2164 3731 2307 3787 Wil-

61 3827 288 3886 bainna
317 3827 478 3898 igitur
498 3830 679 3899 junior
704 3842 767 3885 se
796 3826 900 3883 Dei
925 3828 1097 3896 gratia
1124 3825 1314 3883 ducem
1341 3826 1662 3896 Aquitaniae
1701 3824 1945 3892 scripsit3
1984 3820 2076 3891 qui
2118 3819 2305 3876 titulus

57 3917 292 3974 tandem
321 3931 444 3974 cum
469 3919 711 3989 potentia
740 3917 806 3974 ad
833 3913 1040 3972 Ranutii
1067 3917 1290 3987 stirpem
1315 3917 1371 3971 in
1398 3913 1573 3970 Ebalo
1601 3912 1669 3969 ll.
1697 3911 1874 3981 rediit,
1922 3911 2149 3980 ejusque
2190 3908 2302 3965 filio

56 4004 365 4064 Guffielno
389 4008 604 4077 mansit,
648 4007 742 4078 qui
769 4005 941 4077 Caput
979 4007 1208 4076 stuppae
1243 4002 1642 4075 appellabatur3
1681 4004 1739 4057 et
1771 4001 1831 4054 in
1859 3999 2055 4056 eadem
2100 3997 2303 4055 familia

51 4094 126 4150 ad
177 4093 500 4151 Alienoram
538 4105 713 4166 usque
738 4095 1119 4165 perseveravit,
1170 4091 1344 4150 ultimi
1388 4087 1654 4148 Guilielmi
1695 4086 1874 4160 filiam,
1914 4088 2138 4157 primum
2168 4084 2300 4142 Gal-

48 4182 190 4255 liae,
233 4182 441 4240 deinde
484 4182 712 4252 Angliae
753 4184 898 4251 regis
938 4184 1238 4253 conjugem,
1281 4185 1506 4237 matrem
1542 4176 1813 4235 mathildis
1845 4176 2080 4234 >ilenrico
2128 4172 2299 4230 Leoni

45 4275 286 4344 nuptae,
329 4272 508 4327 aviam
551 4269 766 4328 ottonis
805 4270 891 4328 IV.
931 4273 1171 4342 aug-stu
1223 4271 1317 4341 qni
1356 4271 1413 4327 ci
1437 4269 1495 4326 in
1535 4266 1728 4326 eodem
1771 4266 1966 4324 ducatu
2011 4263 2296 4332 successit,

46 4365 358 4433 antequam
388 4358 455 4417 ad
480 4360 694 4433 imperii
722 4359 1031 4431 dignitatem
1057 4360 1384 4430 perveniret.

159 4467 217 4521 ⁶)
246 4467 308 4514 tn
333 4465 431 4513 cad.
456 4471 545 4513 aa:
572 4466 671 4513 817.
699 4466 775 4514 vel
799 4465 900 4512 818.
927 4470 972 4512 ct
994 4477 1125 4514 m.-
1151 4463 1253 4509 818.

363 4547 376 4560 “
1737 4551 1873 4619 20¹·
