2817 4959
513 262 643 329 400
1091 257 1629 326 AMNALES
1698 258 2156 326 IMPERII

268 436 329 501 A.
347 433 491 509 m.
513 436 682 496 verba
720 449 861 509 pene
902 435 1109 506 eadem,
1153 436 1251 493 sed
1294 436 1649 492 contractiora
1690 436 1830 506 sunt,
1867 438 1927 492 et
1964 437 2023 493 in
2063 433 2333 494 chronico
2378 436 2537 506 quale
2573 437 2631 493 ad
2659 453 2724 494 ne

511 527 772 601 pervenit,
811 532 869 583 ut
905 529 962 582 in
988 524 1297 596 witmundo,
1338 529 1425 581 est
1452 524 1692 580 Lunkini.
1750 524 1857 580 Sed
1900 524 2030 580 nihil
2060 523 2343 595 prohibet,
2386 525 2654 581 Fabritiura
2684 531 2724 582 in

511 631 610 673 sao
657 615 844 671 codice
888 613 1052 685 paulo
1097 614 1258 670 aliter
1299 614 1521 684 legisse,
1567 616 1623 669 et
1666 627 1799 669 sane
1844 615 1901 669 in
1946 612 2372 685 chronographo
2421 619 2507 670 est
2542 614 2722 683 Longini

510 703 831 776 appellati03
876 708 932 759 et
958 717 1140 759 veram
1169 707 1270 774 est,
1299 704 1354 758 in
1383 700 1636 758 chronico
1675 701 1813 757 hanc
1852 701 2040 759 urbem
2075 701 2142 758 ad
2170 702 2371 758 Albim
2400 704 2580 775 locari,
2614 704 2721 773 qaod

508 800 568 850 et
605 790 1038 863 chronographus
1080 794 1425 848 consentiens
1467 789 1610 861 facit,
1653 795 1709 846 et
1748 789 1877 846 fasti
1917 790 2312 861 corbeienses.
2384 791 2517 847 Cum
2544 806 2654 849 vero
2681 793 2720 849 in

509 882 746 938 Ditnaro
775 880 1035 936 habeatnr
1063 878 1278 950 Luncin,
1321 879 1462 950 quod
1491 877 1695 935 Luazin
1720 878 2040 936 Meibomius
2070 895 2177 936 non
2208 882 2497 936 immerito
2524 894 2719 951 pronun-

510 971 691 1040 tiavit3
734 969 860 1025 hinc
889 972 941 1025 ei
967 967 1210 1025 Lentium
1238 968 1303 1024 ad
1329 968 1569 1025 dextram
1590 967 1742 1023 Albis
1772 970 1954 1040 ripam,
1984 971 2167 1039 utique
2192 967 2437 1024 Slavica
2465 967 2586 1024 oli·
2607 965 2718 1037 urbs,

508 1061 564 1114 in
591 1063 824 1115 mentem
851 1058 1014 1114 venit.
1078 1056 1192 1113 Nec
1218 1055 1420 1113 bellurn
1447 1057 1515 1113 ad
1542 1056 1691 1112 solos
1720 1056 1978 1113 Bedarios
2005 1058 2264 1128 pertinet,
2312 1060 2426 1114 etsi
2454 1058 2715 1113 incentores

505 1150 802 1219 videantur,
832 1152 887 1203 et
913 1150 1136 1217 potuere
1160 1146 1347 1203 hostes
1377 1160 1443 1202 ac
1460 1145 1842 1202 Walleslevam
1871 1150 2123 1216 petentes
2152 1144 2355 1202 Lenzii
2375 1144 2553 1202 Albim
2578 1149 2715 1200 trans-

503 1240 649 1308 isse3
688 1250 867 1307 neque
907 1238 1048 1293 enim
1076 1251 1107 1291 a
1135 1234 1334 1290 Vetere
1362 1232 1597 1290 Marchia
1636 1234 1808 1307 abest,
1850 1239 1904 1291 et
1930 1247 1963 1290 a
1992 1234 2248 1291 Gartavia
2280 1236 2531 1306 proxima
2554 1237 2712 1289 tantun

505 1325 629 1382 Albi
658 1326 968 1396 sejungitur,
998 1324 1138 1395 quod
1167 1338 1235 1380 ne
1264 1338 1424 1393 porro
1453 1322 1712 1394 facerent,
1740 1328 1895 1393 capto
1925 1324 2048 1378 loco
2076 1325 2370 1393 provisum
2393 1330 2495 1380 est.
2543 1322 2711 1393 Oppoui

504 1418 703 1485 potest,
742 1414 941 1470 nullam
981 1412 1094 1467 illie
1135 1427 1376 1480 magnam
1405 1412 1656 1482 paludem
1686 1426 2012 1484 comparere,
2055 1426 2216 1483 quam
2248 1411 2574 1469 witikindus
2595 1421 2707 1464 mare

505 1503 811 1575 appellavit,
841 1502 1083 1558 Saxones
1109 1501 1325 1572 »ωσι-θα
1355 1505 1570 1573 vocant,
1594 1504 1648 1556 in
1677 1515 1834 1572 quam
1860 1515 1927 1558 se
1952 1502 2447 1573 praecipitaverint
2470 1499 2705 1569 fugientes.

499 1592 611 1649 Sed
637 1590 739 1647 hac
766 1591 832 1648 de
859 1605 919 1646 re
948 1589 1262 1646 consulendi
1292 1592 1431 1661 sunt,
1474 1591 1565 1660 qui
1604 1589 1780 1645 locum
1819 1593 2184 1660 inspexerunt.
2268 1590 2347 1646 Et
2386 1591 2566 1662 potest
2585 1586 2699 1642 Aliis

502 1679 703 1739 effusus
730 1679 1022 1737 autumnali
1052 1684 1297 1750 tenpore
1324 1683 1589 1747 stagnare.
1655 1679 1857 1743 Quodsi
1895 1679 2027 1734 nihil
2063 1682 2174 1735 tale
2205 1681 2395 1736 locum
2425 1674 2698 1733 haberede-

499 1769 937 1842 prehenderetur,
977 1768 1147 1823 invito
1194 1765 1595 1839 chronographo
1636 1773 1693 1823 et
1720 1766 1968 1824 chronico
2005 1769 2177 1824 audiri
2206 1769 2411 1841 posset
2437 1769 2516 1821 vir
2538 1764 2696 1830 doum,

500 1860 594 1931 qui
616 1858 795 1914 locum
836 1859 892 1913 in
917 1858 1038 1928 ipsa
1063 1854 1390 1913 Ueranorum
1431 1859 1653 1927 regione
1680 1858 1903 1929 quaerit,
1945 1856 2036 1915 ubi
2063 1856 2383 1915 Luchenam
2410 1854 2627 1925 reperias
2646 1849 2695 1904 ad

501 1960 609 2004 non
638 1947 897 2003 modicam
925 1946 1189 2017 paludem.

643 2035 725 2091 10.
799 2035 908 2091 Sed
945 2038 1123 2091 missis
1155 2036 1354 2091 criticis
1383 2033 1812 2091 discussionibus
1839 2034 1906 2089 ad
1935 2035 2182 2104 antiquas
2211 2047 2308 2091 res
2336 2026 2691 2092 constituendas

495 2127 845 2195 necessariis,
901 2125 1074 2194 ipsam
1127 2124 1487 2179 narrationem
1532 2138 1603 2179 ex
1648 2124 1937 2180 Witilrindo
1982 2122 2335 2193 potissimum
2382 2124 2687 2193 pertexanas.

496 2213 638 2283 Ergo
680 2228 800 2270 cum
840 2213 1018 2268 omnia
1046 2215 1156 2268 tuta
1185 2215 1240 2268 et
1275 2214 1458 2282 quieta
1486 2212 1807 2284 viderentur,
1846 2211 2087 2268 Redariis
2130 2211 2507 2270 incentoribus
2541 2215 2685 2273 mgna

495 2300 774 2358 slavorum
793 2313 997 2370 manus,
1025 2298 1150 2354 Albi
1177 2314 1346 2370 prope
1364 2298 1620 2356 Lenzium
1640 2303 1884 2370 πύθοιο,
1913 2302 2033 2355 sive
2054 2300 2433 2357 wallislevam
2459 2301 2512 2353 in
2532 2297 2687 2351 vetere

495 2387 750 2458 Euchia,
786 2390 902 2443 sive
932 2386 1094 2443 alium
1121 2390 1240 2457 ejus
1264 2391 1497 2444 nominis
1527 2389 1722 2461 locum,
1758 2395 1886 2445 tune
1913 2390 2180 2462 oppidum,
2218 2403 2369 2448 nuno
2392 2385 2682 2455 incognissffl,

496 2477 615 2532 sive
653 2477 969 2534 transmisso
1013 2477 1175 2532 etiam
1212 2475 1394 2533 Allera
1437 2477 1613 2548 (quod
1653 2480 1828 2534 minus
1852 2478 2182 2549 verisimile)
2224 2474 2595 2536 Fallersleban
2614 2479 2681 2523 re·

495 2566 717 2637 pentina
758 2566 1106 2637 aggressione
1146 2568 1422 2638 oppressit
1459 2564 1763 2637 incolisque
1801 2568 2001 2623 occisis
2038 2567 2300 2626 incendio
2328 2565 2537 2624 delerit.
2595 2556 2679 2620 0⁸⁰

443 2719 452 2728 ‚
495 2667 758 2711 successu
800 2669 918 2712 oum
959 2656 1153 2727 reliqui
1192 2657 1356 2712 vicini
1394 2655 1583 2726 populi
1625 2655 1690 2711 ad
1725 2655 2096 2713 rebellandum
2143 2658 2321 2714 erecti
2346 2648 2676 2715 nuntiarentur,

493 2742 846 2818 Bernhardus,
874 2758 1032 2816 quern
1052 2749 1175 2815 jure
1203 2743 1563 2801 marchionem
1591 2746 1853 2818 appelles,
1882 2760 1999 2801 cum
2027 2745 2380 2804 Redariorum
2403 2735 2673 2816 provincii!²¹¹

494 2834 549 2890 ei
575 2832 979 2905 subdelegatam
1007 2835 1210 2891 scribat
1236 2833 1574 2906 witikindus,
1596 2837 1783 2903 jussus
1814 2836 2116 2893 est‘ulcisci
2142 2836 2392 2906 hostem3
2426 2830 2673 2887 'l'hieimw

492 2925 655 2979 etiam
690 2924 919 2981 median
949 2925 1102 2981 Albis
1130 2928 1297 2996 ripam
1334 2923 1686 2994 Sorabiciqne
1724 2924 1908 2980 limitis
1945 2929 2149 2996 partem
2183 2925 2493 2983 inferiorern
2528 2916 2669 2970 oml-

493 3010 675 3083 dienti,
719 3025 879 3083 quem
919 3026 1016 3069 rex
1052 3015 1175 3084 ipse
1213 3015 1511 3070 novissime
1550 3021 1854 3085 pacaverat,
1896 3015 2198 3071 mandatum
2238 3017 2344 3086 est,
2383 3013 2442 3068 ut
2476 3002 2669 3069 collem

490 3101 693 3156 anxilio
733 3104 897 3156 esset.
967 3102 1103 3157 Nam
1145 3104 1441 3173 superiora,
1482 3101 1537 3156 id
1575 3107 1662 3158 est
1700 3102 2013 3159 orientalem
2042 3103 2353 3175 marchiam,
2378 3097 2443 3155 ad
2468 3083 2665 3161 Sigssffiffi

492 3202 670 3244 curam
707 3189 1049 3260 pertinuisse,
1078 3194 1315 3261 apparet,
1358 3193 1449 3260 qui
1476 3193 1642 3262 priori
1673 3194 1817 3261 regis
1846 3193 2064 3262 conjugi
2088 3191 2339 3262 Hadwigi
2367 3180 2660 3246 consobrinus

489 3279 620 3333 erat.
671 3269 880 3333 Junctis
912 3289 1044 3347 ergo
1073 3279 1244 3348 copiis
1273 3276 1605 3336 Thietmarus
1634 3285 1689 3337 et
1718 3280 2033 3352 Bernardus,
2061 3283 2384 3339 transmisso
2407 3275 2527 3341 Albi,
2549 3267 2656 3323 ω·

488 3367 630 3422 zium
657 3365 923 3437 obsident,
949 3365 1129 3423 locum
1156 3367 1222 3424 ad
1247 3367 1579 3425 coercendos
1605 3367 1864 3425 barbaros
1895 3371 2000 3426 situ
2028 3376 2402 3442 opportunum.

631 3457 715 3512 11.
782 3453 977 3518 Quinta
1005 3455 1302 3512 obsidionis
1330 3457 1419 3512 die
1447 3456 1709 3515 excubiae
1733 3460 1992 3531 nuntiant,
2021 3463 2316 3517 exercitum
2335 3452 2561 3513 hostilem
2576 3447 2653 3497 ¹⁰¹

486 3544 650 3614 longe
696 3558 840 3616 esse,
883 3549 1060 3601 castra
1102 3549 1263 3601 nocte
1307 3548 1549 3616 proxima
1594 3551 2032 3619 oppugnaturum,
2074 3550 2172 3605 sed
2208 3562 2318 3606 nox
2354 3536 2593 3601 obscurior
2612 3525 2650 3579 0³

486 3631 736 3703 pluviosa
763 3649 964 3692 moram
988 3636 1190 3704 injecit.
1252 3634 1488 3703 vigilant
1513 3638 1685 3692 nostri
1713 3640 1918 3708 armati,
1946 3641 2000 3693 et
2031 3652 2149 3694 cum
2176 3652 2335 3694 nemo
2365 3617 2641 3697 00um

486 3725 687 3780 curatis
723 3724 1037 3796 corporibus
1074 3737 1137 3780 se
1165 3726 1346 3780 mutuo
1375 3724 1653 3799 cohortati,
1697 3727 1867 3797 primo
1896 3726 2129 3784 diluculo
2170 3727 2376 3783 reddita
2402 3705 2638 3776 serenius&

486 3814 684 3870 erectis
719 3815 888 3883 signis
929 3817 986 3871 in
1012 3813 1221 3870 hostem
1249 3812 1387 3869 ultro
1416 3815 1654 3870 tendunt.
1724 3813 2062 3873 Bernhardus
2097 3817 2218 3888 ipse
2254 3818 2310 3871 in
2337 3811 2494 3883 prima
2519 3795 2643 3854 &⁰¹²⁶

485 3914 606 3956 cum
648 3903 860 3958 modico
903 3904 1142 3973 equitatu
1181 3904 1238 3958 in
1278 3903 1539 3959 adversos
1579 3906 1874 3977 incurrens,
1914 3905 2118 3961 invenit
2146 3916 2385 3976 magnam
2412 3903 2523 3952 esse
2542 3876 2642 3939 nssl‘

469 3991 777 4063 titudinem,
818 3993 920 4049 sed
957 3993 1169 4062 pedites
1209 3995 1470 4048 nocturna
1504 3992 1684 4064 pluria
1719 3993 1973 4066 tardatos,
2011 4008 2172 4062 aegre
2199 3988 2493 4066 procedere,
2528 3978 2571 4073 ⁰}
2596 3962 2642 4020 ’Β

482 4079 755 4152 equitibus
796 4095 895 4152 per
933 4082 1040 4137 vim
1079 4080 1327 4153 propelli.
1397 4081 1585 4151 ltaque
1623 4095 1689 4137 se
1729 4082 1794 4140 ad
1834 4096 1963 4139 suos
1990 4082 2258 4156 referens,
2283 4075 2476 4137 ordinat
2498 4067 2639 4158 amq&

481 4172 799 4240 signumque
849 4174 942 4241 pat
987 4184 1216 4242 pugnae,
1262 4173 1318 4225 et
1363 4170 1596 4228 clamore
1638 4169 1816 4226 valido
1857 4173 1965 4228 itur
2002 4174 2057 4228 in
2098 4172 2302 4243 hostes,
2349 4165 2432 4238 qui
2472 4150 2640 4211 ‘¹⁰³⁵'oe

388 4275 402 4290 ‘
481 4257 786 4330 conglobati
829 4273 948 4315 oum
988 4270 1097 4314 non
1138 4258 1300 4314 facile
1339 4261 1610 4330 perrumpi
1648 4265 1890 4334 possent,
1948 4263 2120 4318 nostri
2163 4261 2379 4333 carpunt
2415 4250 2567 4305 latera,
2600 4228 2640 4281 θ’
2740 4265 2741 4310 l

479 4362 616 4417 quos
654 4354 872 4419 sparsos
913 4347 1203 4417 inveniunt,
1244 4347 1510 4418 occidunt,
1551 4348 1707 4405 simul
1743 4353 2038 4420 equitatum
2073 4351 2355 4410 adversum
2378 4317 2638 4417 Ρθῐωῐωῖι

478 4434 585 4491 Sed
614 4435 799 4492 hostili
825 4435 942 4491 acie
969 4432 1138 4491 nihilo
1165 4434 1358 4492 secius
1375 4436 1611 4511 immota,
1638 4438 1973 4500 Bernhardus
2001 4454 2034 4497 a
2062 4438 2361 4499 ‘thiatmaro
2382 4424 2513 4503 Ρθίῑῑι
2536 4413 2581 4467 ¹¹⁸
2599 4414 2638 4457 ¹³
