2817 4959
664 244 1198 312 ANNALES
1263 235 1721 313 IMPERII
2173 252 2298 316 615

154 420 223 475 3.
322 416 596 473 Ludolfus
628 422 743 487 jam
768 420 1047 491 superiore
1073 433 1213 477 anno
1252 418 1490 476 offensus
1516 420 1671 492 patri,
1715 421 1875 493 paulo
1903 435 2029 479 ante
2054 422 2298 493 hyemem
2326 427 2391 493 A.
2408 425 2547 496 952,

44 555 47 564 .
84 506 493 564 Germaniam
510 506 754 565 redierat.
810 507 1000 580 Credo,
1026 512 1086 564 ut
1108 509 1331 580 primum
1351 509 1571 580 nuptiae
1592 524 1709 565 eum
1731 523 1966 570 noverca
1993 510 2301 569 celebratae

43 609 194 653 lere.
288 595 435 650 Irae
453 596 616 651 etiam
634 594 784 652 faces
802 596 1105 667 subjecisse
1122 602 1303 669 putem
1332 600 1579 655 comitem
1605 600 1816 654 itineris
1843 597 2304 670 archiepiscopum

43 697 252 755 imper
301 681 593 739 infensum
634 687 765 755 regi,
806 687 980 755 etqui
1007 688 1286 743 custodiae
1313 700 1624 759 quanquam-
1650 687 1888 742 meritae
1913 688 2071 742 nimis
2109 690 2303 744 memi-

43 775 217 843 isset,
272 772 557 842 quicquid
592 785 721 842 prae
748 785 813 828 se
841 773 1019 830 ferret.
1093 775 1278 831 Redux
1315 775 1371 830 in
1401 774 1689 830 saxoniam
1719 776 1955 845 jureum,
1992 775 2157 833 rebus
2185 791 2316 832 curn

43 862 382 929 [oguntino
419 861 742 931 constitutis,
768 860 1076 919 Salat'eldae
1105 864 1163 918 in
1188 861 1471 931 Thuringia
1513 864 1813 919 convivium
1840 864 1993 932 regio
2022 864 2221 920 ambitu
2248 867 2305 920 in

43 955 156 1007 lem
191 949 454 1004 Domini
479 946 713 1006 natalem
741 951 978 1019 apparat.
1047 949 1128 1006 Eo
1159 964 1277 1005 cum
1305 949 1486 1005 multis
1515 949 1830 1022 proceribus
1858 952 1978 1020 ipse
2004 950 2305 1009 Fridericus

43 1042 183 1109 snit,
236 1038 459 1107 ibique
491 1036 641 1104 jacta
680 1042 806 1093 sunt
843 1036 1160 1094 rebellionis
1201 1037 1561 1094 fundamenta.
1635 1039 1782 1095 Inter
1809 1044 2059 1096 caeteros
2087 1041 2141 1096 in
2170 1056 2304 1098 con-

42 1129 332 1184 :ientiam
386 1126 631 1180 criminis
672 1130 940 1181 assumtus
976 1130 1106 1195 puto
1134 1119 1343 1182 vicinos
1383 1128 1668 1197 primarios
1703 1129 1850 1182 viros
1880 1127 2221 1196 wilhelmum
2251 1137 2305 1186 et

44 1217 345 1285 edonem,
372 1227 521 1284 quos
548 1212 870 1270 witikindus
897 1212 1191 1284 Thuringos
1219 1219 1395 1271 vocat.
1449 1215 1620 1286 Illum,
1650 1215 1828 1286 credo,
1857 1215 2303 1286 Wimariensium,

43 1320 160 1362 unc
190 1303 624 1360 Wetinensium
667 1304 1088 1371 progenitorem:
1128 1316 1253 1359 nam
1292 1302 1392 1359 hos
1435 1304 1631 1363 deinde
1672 1317 1768 1359 rex
1794 1304 2024 1360 vinculis
2054 1311 2109 1361 et
2139 1306 2304 1361 exilio

43 1395 170 1449 ltus
203 1395 339 1448 est:
386 1389 546 1446 multi
572 1390 783 1447 scilicet
811 1393 1068 1448 orientem
1095 1392 1268 1447 solem
1296 1391 1605 1450 adorabant.
1674 1392 1780 1449 Sed
1808 1391 1945 1448 haec
1971 1395 2144 1448 serius
2174 1408 2303 1449 eru-

44 1495 173 1539 ere.
236 1480 500 1536 Henrico
539 1478 677 1535 duce
712 1479 855 1540 iacto
875 1481 1096 1551 praedia
1122 1484 1240 1550 ejus
1261 1482 1524 1551 quaedam
1541 1496 1573 1536 a
1592 1494 1723 1550 rege
1749 1483 1803 1539 in
1833 1480 1998 1536 tilium
2029 1482 2314 1553 translata,

43 1574 285 1642 apparet,
319 1572 387 1624 et
412 1569 473 1624 in
498 1566 583 1622 his
611 1568 954 1625 Salafeldam.

166 1661 227 1715 a.
311 1657 443 1713 Rex
485 1669 612 1724 ergo
649 1656 845 1712 diutius
874 1655 980 1712 sibi
1007 1659 1361 1715 cunctandum
1387 1672 1496 1715 non
1524 1664 1688 1734 ratus,
1728 1663 1786 1714 ut
1815 1662 2038 1729 primum
2067 1672 2142 1714 se·
2162 1663 2306 1714 tem-

43 1744 227 1819 pestas'
267 1744 520 1816 aperuit,
561 1746 891 1801 transmissis
926 1745 1152 1816 Alpibus
1183 1749 1237 1803 in
1267 1745 1600 1804 Germaniam
1638 1749 1960 1819 properavit,
2002 1760 2306 1816 novamque

43 1840 334 1906 zonjngem
368 1834 531 1888 matri
558 1839 614 1889 et
641 1833 854 1904 populis
883 1834 1135 1890 ostendit.
1208 1834 1354 1892 Tunc
1383 1835 1657 1892 monachis
1680 1835 2144 1891 Einsidelensibus
2166 1835 2300 1891 Hel-

43 1929 214 1983 retiae
260 1922 621 1995 privilegium
662 1921 826 1993 dedit,
868 1923 1011 1993 quod
1052 1922 1465 1995 christophorus
1505 1926 1857 1980 Hartmannus
1899 1922 2150 1980 chronico
2193 1925 2300 1978 loci

44 2016 287 2071 inseruit.
370 2008 707 2066 Hucbertum
736 2011 804 2066 ad
831 2012 1005 2067 vicem
1034 2012 1295 2068 Brunonis
1324 2027 1422 2084 per
1450 2026 1686 2069 errorem
1714 2012 1841 2083 legi,
1869 2014 2144 2082 suspicor3
2177 2025 2300 2067 nam

43 2103 235 2159 iudum
283 2098 578 2156 cancellos
619 2100 822 2155 curavit
862 2098 1161 2167 Ludolsus3.
1201 2101 1305 2156 nisi
1351 2099 1495 2157 torte
1535 2101 1777 2157 absentis
1817 2101 1971 2155 vices
2013 2098 2301 2168 aliquando

43 2191 177 2248 alius
207 2203 367 2246 nunc
397 2185 686 2258 supplevit.
757 2187 959 2244 Pascha
987 2191 1045 2243 in
1061 2189 1293 2245 Saxonia
1323 2189 1650 2246 celebratum
1681 2194 1781 2260 est,
1811 2190 1986 2245 locum
2009 2190 2300 2257 scriptores

43 2295 147 2336 uon
176 2280 503 2348 designant.
577 2275 690 2345 Ego
719 2277 774 2331 id
802 2275 1146 2347 magdeburgi
1172 2278 1371 2334 factum
1399 2277 1654 2343 arbitror3
1697 2276 1881 2348 ibique
1911 2278 2090 2345 egisse
2116 2288 2300 2345 regem

45 2383 162 2424 cum
208 2370 469 2436 conjuge·
500 2368 558 2421 et
594 2368 773 2421 matre·
798 2369 853 2422 et
889 2364 1001 2421 filio
1027 2365 1256 2422 Ludolro
1298 2371 1354 2421 et
1392 2380 1593 2436 genero
1622 2365 1883 2435 Conrado,
1913 2377 1984 2419 ex
2010 2363 2301 2433 diplomate

45 2456 437 2528 suspicor,nbi
465 2468 561 2524 pro
584 2453 823 2511 remedio
851 2457 1061 2510 animae
1087 2457 1255 2525 patris
1271 2454 1490 2512 Henrici
1518 2458 1574 2510 et
1602 2469 1696 2525 pro
1715 2453 2082 2510 incolumitate
2112 2451 2300 2507 matris

51 2551 102 2601 et
127 2543 394 2613 conjugis
417 2543 473 2596 et
499 2539 594 2594 filii
623 2540 827 2595 Ludolii
859 2542 1116 2597 instinctu
1142 2542 1754 2616 FridericbetAdaldagi
1771 2541 2301 2613 archiepiscoporum

48 2641 100 2691 et
125 2630 403 2689 Bernardi
444 2629 691 2699 episcopi
731 2628 1219 2701 Halberstadensis,
1264 2636 1469 2687 curtem
1508 2643 1657 2684 suam
1687 2628 2016 2684 Hebesheim
2056 2631 2122 2683 in
2156 2640 2298 2696 pago

48 2723 351 2792 berlingen
419 2717 475 2773 iu
543 2719 799 2773 comitatu
852 2697 1134 2786 Brunonis,
1208 2717 1264 2772 iu
1339 2718 1650 2788 praesentia
1722 2716 1965 2785 ejusdem
2032 2715 2298 2772 Brunonis

54 2810 259 2882 filiique
288 2811 417 2877 ejus
445 2803 667 2876 Ludolii,
696 2802 923 2862 Geronis
949 2804 1288 2875 marchionis,
1318 2804 1604 2861 Christiani
1633 2806 1859 2874 comitis,
1885 2817 1991 2859 nec
2014 2815 2123 2858 non
2145 2801 2298 2858 Luit-

54 2900 211 2956 tharii
235 2904 296 2955 et
323 2894 582 2952 Friderici
611 2895 878 2965 comitum,
906 2893 1022 2949 Deo
1052 2898 1347 2964 sanctoque
1375 2894 1592 2962 martyri
1618 2891 1865 2947 Mauritio
1892 2894 1948 2947 in
1973 2888 2299 2959 magdeburg

58 2988 235 3044 donat.
327 2981 619 3051 Lindollus
657 2983 736 3037 ad
768 2985 941 3038 vicem
976 2982 1270 3037 Brunom's.
1358 2980 1439 3036 lta
1480 2982 1534 3035 in
1575 2985 1760 3036 nostro
1802 2979 2101 3036 cartulario.
2186 2977 2294 3033 Sed

61 3091 225 3132 annus
245 3075 325 3131 ibi
346 3071 493 3128 male
512 3071 776 3142 ascriptus
796 3074 882 3126 est
904 3070 1024 3143 965,
1054 3077 1110 3126 et
1132 3073 1244 3126 tota
1266 3068 1509 3126 clausula
1535 3068 1744 3125 videtur
1771 3083 1840 3125 ex
1868 3068 1973 3124 alio
2003 3066 2295 3138 diplomate

66 3177 160 3233 per
185 3175 427 3220 errorem
455 3163 670 3231 scripta,
694 3174 804 3229 ¹<luo
833 3173 896 3214 se
927 3159 1052 3215 Otto
1080 3173 1188 3215 non
1215 3158 1463 3231 amplius,
1489 3161 1550 3213 ut
1573 3156 1677 3228 hic,
1705 3170 1904 3227 regem,
1934 3156 2033 3213 sed
2060 3157 2296 3226 impera-

68 3256 229 3308 torem
268 3250 520 3306 vocabat.
592 3248 1034 3308 circumstantiae
1074 3249 1131 3302 in
1160 3246 1300 3304 hunc
1339 3260 1534 3302 anuum
1561 3245 1749 3302 referri
1786 3244 1990 3316 jubent,
2032 3259 2152 3300 cum
2183 3246 2294 3312 jam

70 3341 287 3396 adducta
331 3342 483 3395 esset
524 3336 846 3408 Adelheidis,
893 3342 949 3393 et
988 3335 1246 3393 Ludolsus
1284 3335 1518 3392 nondum
1560 3333 1897 3390 rebellasset.
1969 3333 2167 3389 Notatu
2208 3331 2295 3386 hic

72 3427 253 3497 diguus
293 3432 383 3485 est
424 3428 600 3483 Bruuo
644 3438 826 3481 comes
866 3440 985 3481 cum
1026 3424 1137 3481 tilio
1178 3422 1425 3481 Ludolt'o.
1507 3424 1632 3480 Noti
1673 3437 1887 3494 quoque
1926 3425 2051 3478 sunt
2089 3421 2312 3492 caeteri*

76 3520 289 3573 comites
328 3520 543 3588 praeter
584 3515 927 3571 Fridericum.
999 3514 1098 3570 Ubi
1132 3518 1378 3571 versatus
1410 3514 1484 3568 sit
1508 3514 1816 3584 imperator,
1844 3513 1979 3567 disci
2008 3510 2198 3578 posset
2223 3521 2293 3563 ex

77 3604 458 3675 diplomatibus,
487 3606 695 3674 quaein
715 3616 811 3660 rer
824 3602 983 3672 butus
1003 3604 1128 3658 anni
1151 3606 1204 3658 et
1223 3603 1448 3658 aestatis
1466 3603 1617 3658 initia
1636 3601 1952 3666 reseruntur,
1982 3600 2028 3652 si
2049 3595 2296 3666 epochae

82 3690 384 3749 christianae
423 3693 667 3761 adjectae
708 3690 875 3752 fidere
915 3692 1119 3748 liceret.
1190 3691 1319 3746 Nam
1349 3690 1405 3746 in
1433 3688 1814 3758 Magatheburg
1851 3691 1942 3759 (ut
1979 3689 2124 3741 extat
2149 3684 2292 3740 inter

82 3778 351 3848 diplomata
391 3796 423 3836 a
463 3780 748 3838 meibomio
792 3781 857 3837 ad
892 3780 1235 3837 witikindum
1272 3781 1448 3848 edita)
1477 3775 1925 3834 Helmestadiensi
1963 3774 2289 3829 monasterio

87 3866 303 3926 decimas
342 3873 395 3926 in
430 3869 816 3932 Helmonstedi,
852 3868 1093 3939 Bassalo,
1135 3868 1342 3925 duobus
1378 3869 1585 3936 Sedorp
1614 3871 1669 3922 et
1697 3864 2031 3921 Wormstede
2073 3862 2290 3919 dedisse

88 3953 261 4024 legitur
281 3960 329 4014 3.
344 3958 458 4015 Kal.
476 3958 603 4027 Mali
631 3973 769 4015 anno
796 3959 900 4014 inc.
918 3956 979 4012 D.
997 3958 1118 4013 952.
1172 3957 1400 4013 Indictio
1425 3961 1480 4012 et
1508 3969 1676 4010 annus
1702 3954 1856 4021 regni
1884 3953 2119 4023 corrupti
2148 3953 2287 4005 sunt.

84 4041 245 4102 Villae
269 4047 504 4117 Seedorp
532 4046 705 4118 (unde
732 4050 919 4116 portae
943 4047 1188 4117 nomen),
1216 4043 1572 4113 Wormstede‚
1600 4041 1822 4098 Bassela
1850 4040 2011 4096 hodie
2039 4039 2289 4094 desertae

90 4136 213 4204 sunt,
237 4138 293 4189 ut
317 4134 373 4191 tit
398 4136 526 4191 aliis
546 4134 1108 4204 succedentibus,.nec
1133 4135 1238 4190 nisi
1266 4133 1459 4190 rudera
1484 4131 1741 4188 visuntur.
1811 4130 1925 4187 Rex
1953 4130 2110 4185 etiam
2140 4126 2291 4183 Mer-

91 4220 283 4290 seburgi
311 4225 770 4284 commutationem
799 4224 1060 4293 quandam
1090 4237 1207 4278 curn
1228 4221 1455 4291 Billingo
1484 4219 1690 4275 vasallo
1718 4234 1815 4275 suo
1843 4219 2073 4274 instituit
2100 4214 2285 4271 6.1(a1.

93 4303 221 4360 Julii.
286 4310 385 4366 Sed
424 4314 619 4383 obstat,
662 4312 801 4382 quod
845 4313 979 4368 haec
1017 4313 1307 4383 praecepta
1347 4310 1470 4365 data
1505 4316 1625 4365 sunt
1654 4324 1684 4364 a
1711 4306 1937 4363 Ludolfo
1967 4304 2288 4361 cancellario

95 4392 151 4446 ad
178 4398 334 4455 vicem
362 4400 620 4459 Brunonis
662 4399 1088 4472 archicapellani,
1132 4412 1289 4470 quem
1331 4404 1510 4457 tamen
1544 4395 1845 4455 viventibus
1874 4394 2138 4451 Friderico
2166 4392 2286 4449 bio-
