2817 4959
675 332 1212 412 ANNALES
1283 335 1736 406 111’31111
1939 439 1948 453 Ι
2180 331 2316 411 ’307

62 505 291 566 Galliae
317 504 562 578 capellae
589 504 645 562 S.
674 504 969 565 Clementis
996 503 1135 578 apud
1177 505 1563 581 compendium
1588 515 1716 582 pest
1740 512 2110 585 Septembrem
2138 518 2306 589 priri-
2333 516 2542 592 &918-

55 595 280 666 legium
306 594 471 666 dedit,
513 593 655 665 qnod
696 596 837 667 apud
863 596 1206 654 Habilionem
1258 598 1353 655 lib.
1375 599 1469 656 vl.
1494 602 1577 656 rei
1603 601 1979 673 diplomaticae
2007 608 2212 678 extans,
2238 606 2309 663 ad

53 684 536 742 confirmationem
555 683 876 753 epocharum
897 687 1228 742 annotamus,
1273 687 1479 743 Datum
1495 691 1681 747 indict.
1698 693 1747 746 1.
1767 705 1913 747 anno
1931 694 2020 747 26.
2047 700 2309 764 requam

65 774 286 832 carolo
307 773 716 846 yterio-sissimo,
745 774 1152 845 redinteyrantc
1176 776 1266 845 21,
1293 778 1536 849 laryiore
1560 778 1896 835 haereditate
1924 781 2140 850 indepta
2170 785 2219 839 7.

217 863 306 919 15.
382 860 598 918 obitum
623 861 895 918 wilhelmi
925 861 1003 918 Pii
1040 863 1363 933 Aquitaniae
1402 863 1554 921 ducis
1593 872 1755 923 notae
1798 865 2081 925 chronicae
2108 870 2308 928 instru-

58 953 243 1008 menti
275 967 309 1008 a
333 949 554 1007 Labbeo
599 952 656 1005 in
684 948 1050 1007 miscellaneis
1077 950 1276 1009 laudati
1315 951 1558 1011 referunt
1595 957 1653 1012 in
1693 968 1886 1011 annum
1924 955 2104 1014 Caroli
2139 958 2224 1031 20,
2252 961 2307 1016 id

53 1044 154 1099 est
186 1038 392 1096 Christi
418 1038 540 1096 917.
568 1037 658 1095 vel
686 1037 793 1097 918
818 1039 869 1096 *.
943 1035 1247 1098 chronicon
1285 1041 1659 1100 masciacense
1697 1043 1769 1099 ab
1800 1043 1993 1101 eodem
2020 1052 2165 1103 tomo
2209 1061 2309 1105 se-

57 1128 254 1187 cundo
285 1127 660 1185 Bibliothecae
689 1125 906 1202 editum,
949 1130 1004 1183 in
1033 1144 1082 1186 a.
1105 1128 1167 1186 D.
1197 1128 1319 1186 919.
1392 1130 1504 1187 Sed
1531 1146 1628 1202 pro
1658 1131 1777 1188 918.
1826 1137 1934 1189 stat
1959 1136 2124 1192 etiam
2151 1133 2306 1207 Ilugo

47 1219 500 1277 flaviniacensis
541 1216 710 1273 abbas
738 1232 857 1274 cum
885 1215 1138 1275 chronico
1179 1218 1563 1291 blalleacens13
1611 1234 1841 1291 eumque
1888 1222 2036 1281 velut
2072 1224 2304 1281 medium

51 1309 365 1379 sequimur.
435 1305 808 1362 Hasctacmse
844 1306 1195 1377 ingelbergae
1240 1310 1487 1378 conjugis
1531 1312 1755 1365 mortem
1796 1314 2089 1383 conjungit.
2159 1312 2303 1370 Boso

51 1396 212 1451 iilius
241 1398 403 1450 antea
431 1391 655 1450 obierat.
709 1393 1168 1465 Deprehendimus
1195 1400 1406 1468 postea,
1436 1400 1597 1453 etiam
1625 1395 1966 1456 flabilionem
2007 1404 2064 1456 in
2092 1402 2305 1458 annali·

52 1484 169 1541 bus
213 1483 358 1540 hunc
403 1496 613 1555 annum,
651 1496 714 1542 re
753 1479 1013 1558 discussa,
1053 1484 1300 1555 probare.
1369 1484 1501 1543 Dies
1537 1488 1721 1543 mortis
1748 1488 1884 1558 prid.
1909 1489 2044 1546 Non.
2063 1488 2168 1546 Jul.
2222 1490 2302 1546 Pii

55 1574 414 1643 cognomine,
442 1570 622 1644 credo,
651 1571 971 1630 willielmus
999 1578 1260 1646 provecta
1293 1574 1506 1630 demum
1534 1579 1713 1632 aetate
1743 1574 1933 1646 dignus
1962 1577 2175 1636 babitus
2199 1585 2301 1638 est.

48 1662 204 1720 Nan
228 1661 355 1716 dum
383 1661 599 1730 sanguis
630 1660 811 1733 caluit,
839 1663 1001 1718 armis
1030 1661 1395 1733 caedibusque
1437 1661 1594 1719 fortis
1640 1664 1746 1720 dici
1776 1668 2002 1724 meruit:
2052 1680 2157 1724 nec
2195 1666 2300 1724 ab·

47 1750 166 1806 tuit
196 1748 532 1807 crudelitatis
559 1750 851 1823 accusatio,
879 1765 999 1807 cum
1026 1751 1293 1807 aemulum
1319 1751 1598 1820 Hugonem
1624 1751 2013 1815 Bituricensem
2033 1758 2298 1830 comitem,

48 1841 174 1899 etsi
201 1838 438 1894 deditum
469 1843 522 1894 et
550 1837 890 1896 clementiam
916 1839 1305 1911 implorantem,
1334 1840 1655 1896 amissorum
1683 1855 1900 1898 suorum
1941 1844 2128 1900 dolore
2156 1843 2296 1900 effe-

41 1934 213 1986 ratus
240 1927 460 1997 occidit,
488 1929 716 1998 ejusque
744 1929 1052 1988 comitatum
1079 1926 1186 1984 sibi
1215 1927 1522 1985 vindicavit.
1595 1928 1703 1986 Sed
1738 1928 1876 1986 baec
1915 1932 2137 1988 crimina
2172 1936 2299 1990 tunc

38 2016 363 2075 liberalitas
399 2015 457 2072 in
484 2014 682 2072 clerum
711 2014 984 2073 abolebat.
1055 2016 1178 2072 Tria
1206 2022 1354 2072 certe
1381 2015 1716 2073 Benedictini
1743 2017 1973 2073 instituti
2018 2023 2299 2077 monaste-

39 2109 132 2164 ria
180 2103 448 2175 condidit,
487 2102 866 2177 cluniacense,
909 2103 1260 2161 Celsiacense
1297 2111 1355 2160 et
1390 2104 1856 2174 Magenciacense.
1928 2107 2181 2178 Sepultus
2210 2114 2299 2165 est

33 2193 204 2267 apud
231 2193 289 2249 S.
308 2191 575 2249 lulianum
602 2192 988 2261 Briratensem,
1015 2191 1108 2248 ubi
1135 2193 1285 2249 velut
1312 2193 1554 2249 ordinem
1589 2196 1779 2264 viginti
1808 2196 2040 2265 quinque
2069 2194 2303 2258 militum

38 2287 174 2342 sive
208 2283 451 2353 cqmtm
477 2281 802 2353 instituerat,
829 2284 920 2353 qui
947 2281 1213 2340 bellarent
1239 2282 1296 2338 iu
1322 2279 1677 2354 Normannos,
1711 2286 1856 2339 versi
1884 2283 2077 2341 deinde
2104 2285 2162 2342 iu
2198 2298 2296 2344 ca-

33 2375 309 2443 nonicos,
336 2370 656 2427 documento
682 2370 917 2441 chartae,
945 2385 1103 2443 quam
1129 2370 1349 2443 Savaro,
1388 2371 1472 2426 vir
1499 2370 1740 2429 doctrina
1776 2373 2040 2446 cognitae,
2080 2374 2148 2430 ad
2182 2373 2296 2431 Be-

30 2463 192 2520 linn
219 2462 396 2530 misit3
447 2459 539 2530 qui
563 2458 706 2514 hunc
733 2461 959 2531 primum
999 2460 1056 2515 in
1092 2457 1225 2514 orbe
1265 2458 1505 2515 ordinem
1547 2460 1831 2517 militarem
1870 2460 2042 2518 fuisse
2084 2464 2292 2518 statuit.

31 2548 292 2609 Banull'o
313 2548 517 2617 juniori
545 2550 731 2603 contra
756 2547 1076 2603 Ademarum
1106 2545 1255 2603 savit.
1328 2545 1453 2604 llle'
1477 2550 1619 2605 enim
1666 2561 1735 2604 ex
1761 2548 1989 2606 Ranulfo
2021 2549 2293 2607 Guilielmi

30 2646 249 2714 pau’no
277 2640 437 2695 natus
467 2639 616 2707 erat3
669 2649 795 2691 mox
829 2634 994 2692 filium
1021 2637 1141 2704 ejus
1169 2634 1397 2690 Ebalum
1427 2634 1493 2691 11.
1530 2634 1598 2691 ad
1625 2638 2024 2708 recuperandos
2054 2638 2291 2694 bonores

29 2729 266 2803 patries
308 2726 547 2782 armavit.
618 2723 688 2780 Hi
725 2722 974 2780 Pictavos
1016 2726 1135 2780 sive
1174 2723 1460 2780 interiores
1495 2723 1793 2794 Aquitanos
1835 2724 2118 2797 tenebant;
2171 2729 2292 2798 ipse

25 2819 344 2886 Arvernos,
362 2814 417 2869 id
436 2817 522 2872 est
539 2813 866 2885 superiores,
891 2811 1131 2885 regebat,
1159 2814 1400 2884 potentia
1431 2817 1610 2869 tamen
1636 2816 1766 2869 etin
1782 2813 2022 2883 reliquos
2049 2819 2289 2871 extensa.

27 2905 218 2963 Tales
254 2902 420 2972 vulgo
449 2903 631 2973 duces,
670 2915 702 2958 a
725 2901 946 2972 regibus
971 2915 1123 2973 vero,
1146 2913 1315 2972 saepe
1345 2902 1506 2957 etiam
1536 2916 1569 2956 a
1604 2914 1667 2957 se
1694 2902 1830 2971 ipsis
1859 2904 1914 2957 in
1940 2900 2157 2974 tabulis,
2188 2917 2289 2958 co-

25 2996 216 3052 mites
243 2994 304 3047 et
330 2989 662 3047 marchiones
705 2989 1034 3047 dicebantur.
1104 2988 1279 3045 Etiam
1321 2988 1688 3046 Bituricenses
1734 2987 2047 3046 Guilielmus
2085 2987 2289 3063 babuit,

24 3082 141 3140 sed
175 3093 284 3137 eos
313 3093 408 3135 rex
438 3077 556 3135 Odo
581 3077 815 3136 Roberto
846 3078 991 3135 fratri
1020 3081 1387 3135 concesserat.
1458 3076 1748 3135 willielmo
1792 3081 1847 3135 in
1874 3080 2148 3151 Arvernia,
2177 3078 2287 3136 Ca·

21 3171 164 3228 rolo
198 3181 335 3238 rege
361 3166 640 3240 probante,
668 3168 936 3224 successit
962 3166 1101 3224 alius
1131 3164 1467 3238 wilhelmus,
1492 3180 1564 3223 ex
1586 3166 1854 3223 Adelinda
1880 3181 2068 3224 sorore
2093 3180 2284 3239 nepos,

22 3257 274 3316 Acii-ido
305 3258 500 3314 comite
525 3260 715 3324 natus;
769 3260 856 3312 cui
883 3272 930 3313 a.
959 3255 1021 3312 D.
1050 3256 1171 3312 927.
1208 3256 1331 3313 sine
1355 3254 1595 3312 haerede
1622 3257 1859 3312 extincto
1899 3254 2156 3313 suffectus
2196 3261 2284 3316 est

17 3347 255 3406 Ebalus
297 3345 395 3402 ille
435 3344 504 3418 11,
545 3350 820 3416 totamque
858 3346 1199 3416 Aquitaniam
1237 3359 1344 3400 una
1393 3346 1682 3401 autoritate
1731 3346 2024 3414 conjunxit.
2096 3342 2282 3400 Belius

17 3434 398 3494 wilhelmum
449 3436 718 3491 seniorem
777 3435 894 3490 sive
933 3434 1078 3490 Pium
1121 3431 1190 3489 ad
1236 3446 1357 3489 eum
1402 3446 1579 3504 usque
1616 3447 1809 3490 annum
1852 3434 2279 3498 continuaverat3

13 3525 142 3584 sed
169 3522 423 3580 Labbeus
462 3525 519 3579 in
548 3521 915 3580 miscellaneis
937 3523 1204 3591 juniorem
1235 3524 1388 3594 eruit,
1435 3523 1526 3594 qui
1554 3536 1603 3579 a.
1632 3521 1694 3578 D.
1722 3520 1843 3578 919.
1891 3520 2279 3577 Bituricensem

9 3613 240 3672 urbem
285 3610 414 3668 dolo
442 3613 743 3683 intercepit,
789 3616 1039 3682 tanquam
1078 3610 1490 3683 praedecessori
1536 3625 1635 3667 suo
1673 3612 1786 3679 jam
1832 3609 2082 3666 debitam.
2168 3607 2278 3665 Sed

17 3706 196 3760 cives
227 3712 298 3756 se
325 3714 511 3756 rursus
537 3701 811 3758 vindicant
849 3702 906 3757 in
945 3698 1268 3769 libertatem,
1305 3698 1482 3757 donec
1506 3697 1823 3756 wilhelmus
1860 3712 1980 3753 cum
2008 3708 2137 3766 rege
2163 3695 2276 3751 Ru-

13 3790 190 3848 dolro
219 3791 282 3846 in
299 3791 523 3859 gratiam
548 3789 722 3862 rediit,
750 3794 808 3846 et
835 3791 1142 3845 comitatum
1169 3788 1556 3846 Bituricensem
1582 3789 1792 3859 recepit
1817 3800 1866 3842 a.
1884 3785 1945 3842 D.
1964 3784 2083 3840 924.
2132 3784 2275 3840 Wil-

9 3879 256 3938 helnus
282 3877 445 3947 igitur
464 3880 647 3949 junior
671 3892 735 3934 se
763 3877 866 3935 Dei
893 3879 1065 3947 gratia
1091 3876 1282 3934 ducem
1308 3878 1629 3949 Aquitaniae
1668 3877 1913 3945 scripsit3
1953 3874 2043 3944 qui
2087 3872 2273 3929 titulus

1 3969 260 4025 tandem
285 3980 411 4023 cum
436 3968 679 4039 potentia
706 3967 773 4024 ad
800 3963 1007 4023 Ranulfi
1034 3968 1256 4039 stirpem
1282 3969 1339 4023 in
1365 3965 1540 4023 Ebalo
1568 3965 1637 4022 11.
1665 3964 1841 4033 rediit,
1889 3966 2117 4033 ejusque
2157 3961 2270 4018 lilio

0 4056 332 4116 Guilielno
357 4057 570 4127 mansit,
616 4057 707 4128 qui
735 4055 908 4128 Caput
945 4059 1175 4127 stuppae
1210 4054 1610 4127 appellabatun
1648 4058 1707 4110 et
1739 4054 1798 4108 in
1826 4051 2023 4109 eadem
2067 4051 2270 4109 familia

0 4148 78 4204 ad
141 4143 466 4202 Alienoram
504 4159 679 4216 usque
704 4147 1086 4216 perseveravit,
1137 4143 1310 4202 ultimi
1355 4133 1621 4200 Guilielmi
1662 4139 1840 4213 liliam,
1881 4142 2105 4211 primum
2135 4137 2267 4196 Gal-

0 4237 154 4306 liae,
203 4232 407 4290 deinde
450 4232 677 4302 Angliae
719 4234 865 4302 regis
904 4235 1205 4306 conjugem,
1249 4236 1474 4289 matrem
1509 4228 1781 4287 mathildis
1814 4228 2046 4287 ilenrico
2095 4226 2266 4283 Leoni

0 4327 252 4396 nuptae,
295 4323 474 4377 aviani
517 4320 733 4378 ottenis
771 4321 856 4378 IV.
899 4323 1137 4393 augusti3
1192 4322 1285 4392 qui
1323 4323 1379 4377 ei
1403 4321 1462 4378 in
1502 4319 1695 4378 eodem
1739 4320 1933 4377 ducatu
1977 4316 2261 4385 successit,

0 4418 324 4483 antequam
353 4408 421 4467 ad
446 4410 660 4483 imperii
687 4409 997 4482 dignitatem
1023 4411 1350 4481 perveniret.

125 4518 188 4571 ⁸)
215 4516 272 4563 1·
297 4515 396 4566 eed-
421 4521 511 4563 ute
537 4516 637 4563 817.
664 4517 740 4563 vel
764 4515 865 4563 818.
892 4521 938 4563 et
961 4529 1090 4563 aec:
1117 4514 1219 4561 818.

329 4597 340 4610 “
1703 4604 1839 4671 20¹·
