2817 4959
582 348 1118 418 ANNALES
1188 350 1643 421 IMPERII
2099 358 2227 424 545

41 522 75 591 t,
99 519 250 576 ind.
272 520 1504 595 12,anuoimpm·2·noern·12.eubpmrtificm
1531 528 1713 582 donni
1735 527 2225 604 Benedictipapao,
2252 532 2473 606 3940,

56 613 341 678 royatus
358 624 395 662 a
411 608 566 664 nobis
579 610 704 665 huie
721 615 944 669 nostrae
960 615 1246 668 autoritati
1260 628 1420 670 suam
1437 628 1649 686 quoque
1669 618 2017 671 amenitatem
2031 631 2230 687 super-

41 697 185 751 tidie
236 696 349 752 sub
394 698 755 754 indissolubili
797 700 1155 755 anthemum
1188 701 1425 758 obtento.
1484 701 1676 757 Actum
1717 706 1778 759 in
1819 705 2014 774 oppido
2043 704 2227 764 Fran-

42 785 238 856 esaan
276 799 464 840 meme
499 787 683 858 lunio,
710 790 770 842 in
802 790 1071 860 martyrio
1098 788 1244 843 Petri
1267 792 1321 842 et
1347 790 1518 861 Pauli,
1551 790 1807 860 feliciter.

94 874 202 930 14.
287 873 410 929 Hoc
449 878 794 945 praeceptum
833 874 1113 945 hybridam
1154 878 1242 932 est
1282 878 1339 932 et
1378 878 1611 935 fortasse
1652 892 1722 935 ex
1761 879 1968 936 duobos
1997 883 2227 955 mistum,

41 964 191 1017 onis
226 960 273 1017 1.
306 961 483 1017 adhuc
526 964 671 1032 regis
714 967 769 1018 et
809 961 1022 1019 ottonis
1063 963 1132 1018 11.
1161 966 1530 1035 imperatoris3
1571 967 1949 1039 interpolatum
1995 969 2228 1041 denique

41 1050 267 1106 multis
318 1055 598 1106 oneratum
638 1051 875 1106 minutiis
912 1065 947 1107 a
993 1052 1256 1119 gravitate
1298 1055 1487 1121 regiae
1525 1055 1900 1122 magnitudinis
1947 1063 2006 1114 et
2054 1071 2229 1115 rerum

41 1142 155 1195 ›itn
203 1138 431 1195 alienis.
516 1138 668 1195 ldem
710 1141 1037 1195 contractius
1077 1139 1295 1196 exhibet
1331 1140 1566 1197 miraeus
1622 1143 1678 1198 in
1703 1143 1923 1214 Notitia,
1971 1144 2095 1201 loco
2136 1147 2230 1216 qui

41 1242 149 1283 τι.
238 1225 374 1282 Otto
403 1239 466 1283 se
493 1240 676 1296 regem
694 1232 869 1299 vocat,
897 1242 1023 1283 mox
1042 1229 1374 1298 imperialem
1405 1231 1760 1301 autoritatem,
1779 1233 2060 1302 imperiale
2091 1248 2230 1290 con·

42 1320 223 1372 utum
248 1318 481 1385 ingerit3
500 1329 639 1385 quae
658 1330 766 1372 non
786 1315 1095 1373 cohaerent.
1138 1316 1434 1374 wibertum
1452 1318 1740 1374 vocatDeo
1758 1334 1952 1391 carum,
1971 1319 2229 1379 Lamber-

41 1421 63 1460 ι
99 1406 299 1461 virum
330 1403 554 1473 sortem3
582 1403 721 1461 haud
750 1418 820 1459 ex
856 1406 1037 1462 curiae
1076 1405 1235 1474 stylo.
1307 1405 1419 1461 Sed
1458 1409 1514 1462 et
1554 1410 1803 1463 comitem
1829 1406 2223 1466 Levaniensem

76 1493 274 1549 alium
302 1506 339 1548 a
374 1492 626 1561 primario
655 1495 857 1548 tractus
885 1494 1085 1565 oppido
1112 1494 1311 1571 dictum
1340 1494 1488 1550 illius
1518 1497 1773 1567 temporis
1813 1494 2029 1552 tabulae
2055 1497 2229 1554 adbuc

42 1595 82 1637 e
130 1580 482 1649 ignorabant.
557 1580 686 1636 Tum
729 1581 859 1638 illae
899 1584 1136 1639 minutae
1176 1583 1243 1640 de
1272 1583 1550 1639 advocatis
1592 1583 2005 1642 observationes
2047 1600 2080 1642 a
2118 1600 2223 1657 po·-

43 1671 212 1725 riore
230 1669 418 1740 aliquo
439 1669 699 1725 monacho
721 1672 1057 1753 eitcogitataa
1076 1676 1215 1743 sunt,
1236 1686 1355 1727 cum
1375 1672 1622 1728 advocati
1643 1670 2021 1729 Gemblacensi
2038 1674 2227 1732 eecle-

46 1770 85 1815 ο
116 1772 329 1828 graves
359 1772 489 1814 esse
512 1760 839 1830 coepissent.
891 1758 1025 1830 Ego,
1052 1761 1228 1830 ipsum
1247 1758 1545 1816 wibertum
1572 1761 1741 1816 virum
1761 1777 1867 1817 non
1888 1762 2225 1832 spernendae

41 1849 293 1903 totitatis
310 1847 473 1903 alium
494 1860 560 1903 se
575 1849 700 1903 rivo
723 1847 1037 1904 advocatum
1057 1847 1164 1903 loci
1182 1862 1421 1918 passum,
1442 1862 1605 1918 aegre
1629 1848 1809 1907 credo.
1856 1849 2046 1920 ltaque
2063 1850 2228 1908 Lam-

41 1939 115 1993 rti
146 1936 441 1993 advocatia
468 1950 536 1993 eo
564 1938 669 2004 jam
702 1935 955 1992 defuncto
984 1937 1291 1994 surrexerit.
1363 1935 1495 2000 Quis
1519 1951 1649 1993 vero
1690 1939 1889 2008 credat,
1928 1952 2111 2008 regem
2136 1939 2227 1995 hic

41 2025 126 2081 lla
175 2025 391 2096 privata
430 2019 781 2081 subadvocati
827 2039 945 2080 cum
973 2027 1087 2081 suis
1124 2023 1343 2097 paribus
1386 2031 1444 2082 et
1470 2028 1680 2082 comitis
1709 2041 1827 2082 cum
1864 2025 1986 2082 aliis
2023 2026 2225 2096 regulis

41 2114 256 2171 abasse
285 2116 340 2169 et
366 2127 579 2169 annona
596 2116 755 2168 etiam
774 2115 1085 2170 monasterii
1104 2116 1281 2182 juvari
1300 2113 1581 2170 voluisse?
1634 2114 1785 2171 Haec
1822 2114 1889 2171 ad
1924 2117 2226 2185 posteriora

41 2216 232 2273 npora
259 2205 545 2272 pertinent,
573 2217 691 2258 cum
718 2203 1028 2273 proculcata
1055 2204 1289 2273 supremi
1330 2205 1598 2275 principis
1616 2204 1904 2273 autoritate
1928 2202 2108 2261 saidae
2134 2203 2224 2260 vel

41 2290 369 2361 sudationes,
396 2305 533 2361 quas
561 2298 773 2362 vocant,
791 2293 1008 2360 impune
1027 2296 1425 2347 exercerentur.
1470 2291 1532 2348 ln
1553 2294 1806 2362 temporis
1835 2289 2051 2362 locique
2077 2294 2225 2348 notis

42 2382 107 2436 id
139 2382 216 2436 sit
244 2382 381 2445 sani,
408 2382 667 2436 incertum
686 2385 791 2437 est.
859 2379 1046 2435 Annus
1074 2379 1284 2435 Domini
1313 2380 1435 2436 948.
1455 2384 1512 2437 et
1537 2378 1935 2438 Francofurtum
1963 2381 2032 2437 ad
2063 2379 2224 2436 Otto-

42 2485 108 2525 ιειιι
153 2467 404 2536 Magnum
450 2469 739 2539 pertinent.
822 2467 933 2523 Setl
977 2468 1259 2524 Benedicti
1304 2484 1477 2542 papae
1526 2470 1742 2525 nonnisi
1786 2470 2056 2525 secundus
2098 2469 2225 2525 Otto

43 2559 318 2613 rationem
346 2554 529 2613 facere
545 2559 735 2628 potuit,
755 2557 847 2626 qui
872 2571 981 2626 quo
1011 2561 1253 2626 tempore
1272 2557 1596 2614 Benedictus
1624 2558 1672 2612 is
1700 2557 2038 2627 privilegium
2067 2571 2244 2625 suum,

44 2648 154 2717 dit,
185 2659 294 2700 non
321 2643 669 2716 Francolurti,
696 2645 793 2700 sed
816 2646 873 2701 in
899 2645 1052 2700 ltalia
1080 2647 1207 2712 egit.
1277 2645 1346 2699 Et
1382 2658 1478 2700 cur
1517 2645 1864 2701 Benedictum
1890 2646 2091 2713 rogarit
2129 2648 2224 2702 aut

72 2744 309 2802 rogasse
336 2736 681 2804 expresserit,
710 2734 766 2790 in
792 2748 851 2789 re
880 2737 989 2787 tam
1014 2734 1214 2789 minuta
1252 2736 1307 2789 et
1333 2740 1516 2802 parum
1545 2731 1614 2787 ad
1643 2745 1705 2788 se
1732 2735 2035 2802 pertinente
2057 2734 2084 2788 ¹?

130 2823 219 2880 15.
290 2820 794 2889 EdmuudiAngliae
820 2823 965 2887 regis
998 2834 1140 2874 mors
1167 2833 1293 2875 mox
1319 2824 1523 2891 secuta,
1560 2821 1837 2888 Bugonem
1868 2824 1926 2875 et
1955 2820 2222 2876 Norman-

45 2925 85 2968 »s
134 2911 259 2980 ejus
303 2914 447 2966 metu
495 2909 765 2964 liberavit.
851 2906 1146 2962 Lievonem
1186 2908 1450 2975 quendam
1500 2907 1827 2976 praedonem
1880 2906 2226 2965 damnaverat

47 3000 181 3056 ilio.
249 2996 350 3053 llle
376 3000 431 3053 in
469 2995 732 3067 frequenti
761 3008 1037 3066 procerum
1068 2995 1314 3050 convivio
1343 3008 1377 3050 a
1402 3006 1534 3062 rege
1572 2995 1662 3049 die
1699 2993 1983 3063 Augustini
2014 2995 2226 3065 Anglo-

49 3104 103 3144 m
142 3085 375 3157 apostoli
417 3084 662 3156 praebito
710 3096 1024 3154 comparere
1065 3082 1242 3139 audet.
1317 3081 1451 3138 Cum
1473 3081 1863 3138 'sindescbalco
1904 3084 2021 3140 sive
2064 3083 2224 3153 dapi-

47 3193 107 3234 ro
152 3176 303 3244 regio
342 3174 492 3230 abire
525 3172 738 3242 jubenti
777 3172 1071 3242 resisteret,
1109 3185 1207 3226 rex
1240 3171 1361 3240 ipse
1396 3171 1478 3226 ira
1518 3176 1814 3226 commotus
1857 3172 2042 3243 surgit,
2069 3175 2127 3227 et
2165 3172 2224 3230 in

49 3267 266 3325 »minem
298 3262 515 3333 involat,
544 3264 592 3317 is
620 3261 852 3332 pugione
883 3262 1123 3315 extracto
1151 3271 1333 3326 regem
1360 3260 1471 3315 vita
1510 3259 1700 3328 privat.
1773 3258 2079 3315 Edmundus
2119 3258 2222 3316 snb

49 3357 166 3411 itiis
190 3367 221 3407 a
239 3350 400 3406 Danis
420 3354 474 3408 et
492 3350 673 3407 Sectis
696 3352 749 3404 et
769 3346 1158 3404 Walliensibus
1177 3346 1535 3419 premebatur,
1554 3361 1678 3404 mox
1695 3346 1902 3418 pepulit
1933 3352 2223 3405 extraneos

49 3453 293 3508 rasores,
316 3439 633 3496 merciorum
659 3438 936 3506 regionem
963 3435 1457 3506 Nortbumbrosque
1486 3438 1710 3507 recepit,
1737 3434 1966 3493 walliae
1992 3440 2224 3508 septen-

50 3529 245 3588 ¹ionalis
282 3527 484 3587 incolas
527 3525 902 3585 Cumbriamve
942 3524 1173 3596 subegit,
1215 3527 1271 3580 et
1310 3523 1448 3579 banc
1475 3522 1759 3580 Malcolmo
1785 3524 2072 3585 ,Scotorum
2106 3526 2224 3594 regi

51 3618 392 3687 ineficlariam
432 3616 581 3673 dedit
606 3630 675 3672 ea
701 3615 840 3686 lege,
868 3617 927 3669 ut
953 3613 1059 3669 sibi
1086 3616 1140 3669 in
1169 3615 1327 3669 armis
1356 3615 1575 3683 praesto
1606 3616 1769 3669 esset.
1843 3614 2070 3683 Scripsit
2098 3614 2224 3682 ipse

51 3724 130 3766 ise
171 3719 344 3776 regem
381 3705 668 3775 Anglorum
708 3709 765 3761 et
805 3708 1071 3760 rectorem
1100 3702 1585 3781 circumjacentium
1624 3704 1914 3771 nationum,
1941 3702 1999 3757 in
2039 3699 2222 3758 charta

54 3798 146 3854 ¹1).
175 3795 290 3851 944.
316 3795 451 3865 data,
481 3807 618 3864 quae
646 3793 787 3865 apud
814 3791 1153 3849 wilhelmum
1183 3789 1716 3847 malmesburiensem
1744 3792 1908 3845 extat.
1981 3787 2219 3846 Succes-

54 3892 80 3943 t
116 3884 378 3941 Eadredus
414 3882 595 3954 irater,
639 3883 725 3936 diu
774 3887 831 3938 et
870 3883 991 3951 ipse
1030 3894 1148 3936 cum
1179 3879 1343 3935 Danis
1382 3876 1811 3934 Nortbumbriam
1851 3876 2220 3947 repetentibus

53 3975 344 4042 bnflictatus,
385 3971 598 4027 tandem
641 3975 819 4027 tamen
860 3969 1106 4040 superior
1141 3965 1332 4023 sactus.
1403 3966 1520 4021 Nec
1557 3967 1615 4020 in
1642 3965 1989 4047 walliensem
2018 3965 2220 4024 firmius

55 4070 129 4131 fius
156 4062 415 4133 imperium
447 4059 561 4116 fuit.
632 4060 694 4117 ln
728 4061 1021 4129 praecepto
1064 4061 1243 4111 tamen
1281 4046 1424 4123 apud
1448 4052 1712 4122 ingulfum
1758 4067 1820 4109 so
1849 4054 2071 4124 Magnae
2098 4056 2219 4110 Bri-

55 4154 224 4209 muiae
246 4163 433 4219 regem,
471 4151 526 4204 in
552 4148 662 4204 alio
689 4147 961 4203 volumine
986 4145 1158 4218 primo
1187 4143 1472 4199 monastici
1499 4141 1774 4212 anglicani
1801 4144 2024 4214 inserto,
2053 4147 2218 4201 totius

56 4241 254 4301 lbionis
284 4237 616 4294 monarchum
652 4237 905 4308 appellat.

150 4327 237 4385 1⁶.
300 4327 568 4396 {ingonem
624 4339 805 4396 regem
846 4324 1039 4381 ltaliae
1076 4339 1111 4380 a
1146 4325 1260 4381 suis
1302 4325 1596 4397 receptum,
1632 4325 1822 4381 scribit
1867 4324 2220 4394 Frodoardus‚

60 4433 177 4495 que
209 4416 383 4485 hyeme
424 4418 638 4486 tactum,
681 4416 854 4475 series
883 4413 1173 4470 Frodoardi
1212 4413 1447 4480 indicat;
1490 4427 1602 4471 rem
1639 4416 1809 4485 ipsam
1846 4413 2004 4468 video
2043 4411 2220 4466 obiter

61 4515 177 4569 iam
211 4504 430 4561 indicare
468 4503 860 4575 Luitprandum.
947 4502 1259 4574 Quanquam
1302 4504 1498 4562 iterato
1540 4517 1699 4575 reges
1740 4504 2016 4574 nugonem
2056 4502 2220 4570 atque

128 4621 361 4664 nnus
402 4619 631 4658 nrunu
668 4620 792 4657 ron.
822 4610 882 4655 11.
1134 4644 1137 4649 ,
1682 4612 1764 4680 35
