2817 4959
650 316 1184 387 ANNALES
1250 317 1718 387 IMPERII
1888 342 1895 355 ·
2168 322 2289 388 5⁷1

51 487 256 544 loma·
296 485 507 545 Ortona
542 490 878 549 micarum
908 495 1068 564 regia.
1137 491 1295 549 Brun
1331 492 1698 549 senceum-m
1721 492 1801 549 ad
1819 494 1990 550 vicele
2022 488 2301 553 Uriam-id
2324 494 2544 574 1540,

51 577 500 648 archicapellani
530 583 837 652 moqnovi.
907 580 1053 637 Data
1078 582 1132 637 3.
1158 580 1278 637 Kal.
1306 582 1475 652 April.
1501 598 1559 637 α.
1578 584 1629 638 d.
1659 584 1765 638 inc.
1792 584 1923 638 946.
1947 582 2105 654 (lego
2139 586 2305 654 949.)

51 667 169 721 ind.
199 668 259 722 6.
301 681 454 724 enno
488 671 653 739 requi
683 670 869 725 dom
897 669 1109 726 ottonis
1142 669 1226 726 1³.
1263 668 1458 727 Actum
1487 672 1549 724 in
1576 670 1933 742 Maydaberq.
2001 671 2207 745 Nempe
2241 684 2304 730 re

49 755 278 810 incerta
316 767 511 812 annum
548 759 716 829 regni,
751 759 950 830 quippe
980 758 1344 828 novissimum,
1380 758 1616 813 caeteris
1651 757 1930 830 praeier03
1964 772 2088 816 num
2118 773 2306 818 mense

49 842 242 915 Aprili
281 841 414 900 949.
439 846 674 903 nondum
718 846 960 902 decimus
1004 846 1195 902 tertius
1240 857 1414 901 auus
1448 845 1601 914 regni
1627 844 1837 902 ottonis
1863 846 2143 905 absolutus
2175 850 2307 906 erat.

203 932 265 986 4.
360 931 493 990 llox
542 933 994 1004 Quodn-bargum
1032 932 1285 1006 veniens,
1326 934 1464 1004 ipsis
1515 933 1772 991 Kalendis
1811 934 2012 1008 Aprilis
2057 935 2305 993 Baldrico

49 1019 409 1090 traiectensi
436 1023 694 1093 episcopo
722 1020 791 1078 ab
807 1021 1247 1079 antecessoribus
1266 1035 1530 1080 concessa
1547 1022 1841 1080 confirmat.
1885 1024 2114 1097 Insuper
2127 1028 2185 1081 et
2202 1025 2305 1080 tri·-

49 1107 339 1180 butorum,
358 1123 500 1180 quae
516 1110 731 1166 buslata
752 1114 810 1168 et
827 1110 1105 1181 cogscbult
1123 1112 1383 1183 dicuntur,
1397 1112 1619 1181 gratiam
1638 1109 1785 1183 lacit,
1801 1124 1893 1170 res
1914 1115 2074 1170 enam
2092 1124 2233 1184 quae
2248 1112 2308 1169 in

47 1197 197 1255 villa
226 1197 500 1268 quondam
516 1198 751 1272 Dorstat,
769 1214 913 1256 nunc
930 1199 1066 1270 Wyk
1087 1201 1374 1273 nominata,
1401 1202 1530 1258 etin
1558 1202 1788 1258 caeteris
1815 1201 1952 1258 locis
1980 1201 2107 1258 inde
2132 1213 2308 1272 usque

48 1286 127 1343 ad
147 1299 328 1357 mare,
347 1289 402 1342 et
418 1288 475 1342 in
494 1287 687 1344 insulis
712 1290 1051 1360 caeterisque
1070 1290 1202 1345 mari
1220 1291 1486 1358 contiguis
1502 1291 1794 1360 provinciis
1814 1290 1881 1346 ab
1895 1289 2305 1361 imperatoribus

48 1374 403 1446 regibusque
445 1377 735 1449 ecclesiae,
763 1379 850 1433 cui
875 1376 971 1433 ille
997 1382 1231 1450 praeest,
1263 1374 1454 1434 tradita
1491 1380 1952 1443 sunt-autoritate
1986 1392 2086 1436 sus
2114 1382 2306 1434 tuetur.

50 1463 417 1522 Dorstadium
445 1463 575 1522 olim
598 1464 1007 1523 celeberrimum
1029 1465 1234 1522 Frisiae
1256 1466 1608 1531 occidentalis
1637 1468 1945 1539 emporium,
1971 1471 2100 1524 tnnc
2125 1466 2193 1523 ad
2219 1468 2309 1522 ln-

56 1553 208 1609 eitaa
235 1553 512 1609 redactum
540 1552 729 1626 fuisse,
752 1560 989 1628 apparet,
1019 1569 1117 1626 per
1136 1553 1352 1611 crebras
1382 1556 1802 1612 Nummorum
1823 1556 2150 1614 invasiones.
2208 1554 2310 1611 liic

58 1640 381 1707 Bucbelins,
411 1645 505 1714 qul
533 1641 738 1699 [ledam
770 1647 826 1699 et
857 1643 1054 1700 Bekam
1086 1642 1511 1713 Ultrajectenses
1542 1646 1834 1715 scriptores
1865 1643 2168 1715 illustravit,
2200 1643 2306 1698 du·-

61 1729 225 1801 bitat,
242 1744 314 1788 an
336 1734 447 1800 jam
466 1734 595 1788 tunc
620 1736 726 1786 tam
758 1745 927 1803 prope
949 1731 1265 1789 Dorstadum
1296 1736 1537 1790 extiterit
1567 1733 1734 1804 sinus,
1762 1734 1853 1803 qui
1884 1746 2033 1789 mare
2064 1731 2309 1789 Australe

62 1818 237 1876 bodie
270 1818 588 1891 appellatur.
633 1818 749 1889 Ego
782 1823 959 1877 umen
979 1835 1221 1891 maguam
1240 1822 1520 1879 admodum
1539 1824 1883 1880 mutationem
1903 1821 2081 1895 pelagi
2098 1825 2309 1877 terrae-

67 1919 182 1979 que
210 1905 281 1963 ab
307 1906 404 1963 illo
422 1912 671 1978 tempore
687 1909 967 1966 annalibus
997 1911 1251 1967 indictam
1279 1923 1444 1980 aegre
1473 1911 1710 1968 admitto.
1765 1910 1903 1975 Quid
1930 1908 2223 1979 cogscbult,
2241 1920 2313 1964 ex

66 1995 335 2053 nelmrici
371 1994 623 2053 chronico
642 1996 969 2055 Nordlrisico
998 2002 1137 2055 eruit
1165 2003 1383 2055 amicus.
1439 1998 1627 2073 ‚,Cog“
1646 2004 1788 2056 terra
1817 2002 1901 2054 est
1928 1999 2062 2054 mari
2083 2001 2310 2063 extorta.

71 2083 404 2157 paulumque
423 2098 588 2157 super
605 2086 661 2142 id
679 2092 886 2159 extans,
907 2086 1034 2144 inde
1052 2087 1253 2159 aliquid
1271 2090 1387 2159 regi
1405 2088 1701 2158 depensum
1721 2088 1962 2160 apparet,
1979 2100 2085 2144 nec
2101 2087 2312 2157 impro-

73 2173 333 2230 babiliter
354 2175 591 2246 conjicit,
619 2172 878 2232 Gaucoaa
907 2189 1025 2247 cog,
1051 2176 1107 2232 id
1130 2182 1219 2233 est
1241 2182 1385 2233 terra
1416 2179 1546 2233 mari
1575 2177 1860 2248 eminente,
1889 2189 2005 2248 seu,
2023 2178 2084 2231 ut
2109 2172 2312 2231 Plinius

74 2266 255 2327 vocat,
286 2263 505 2319 tumulis
524 2265 639 2319 suis
657 2264 849 2322 dictos.
898 2263 1077 2321 Possit
1107 2269 1283 2321 tamen
1313 2264 1593 2332 cogscbult
1621 2278 1655 2320 a
1682 2263 1996 2335 cogonibus,
2026 2263 2083 2320 id
2102 2268 2188 2320 est
2205 2276 2313 2319 us·

77 2349 239 2406 ribus
279 2353 540 2408 onerariis
579 2351 773 2424 longis,
801 2353 939 2426 duci,
965 2367 1064 2424 pro
1092 2352 1288 2424 quibus
1323 2351 1524 2424 aliquid
1555 2351 1694 2410 forte
1722 2351 2142 2423 dependebatur.
2201 2350 2311 2409 Sed

77 2442 232 2510 prius
251 2443 463 2510 etymon
482 2440 677 2498 malim.
725 2441 950 2499 iiuslata
968 2458 1074 2499 nou
1095 2441 1236 2500 male
1251 2440 1551 2512 Canglacus
1572 2454 1789 2498 censum
1808 2454 1876 2498 ex
1896 2440 2120 2498 aedibus
2138 2441 2312 2497 iuter-

80 2533 334 2600 pretatur,
364 2543 484 2585 nam
519 2529 694 2602 ‚,bus“
724 2536 810 2587 est
840 2532 1054 2599 domus3
1096 2531 1192 2587 sed
1220 2531 1347 2602 quid
1374 2534 1527 2588 esset
1550 2530 1661 2588 lata
1687 2544 1787 2587 seu
1814 2529 1956 2603 lodo,
1983 2542 2093 2588 non
2133 2528 2311 2586 babet.

78 2616 362 2688 Explicata
398 2631 487 2675 res
514 2619 697 2675 estad
722 2633 772 2676 a.
800 2619 861 2675 Ι).
890 2620 1013 2679 937.

227 2709 276 2763 5.
349 2704 468 2763 Boc
508 2711 755 2780 tempore
796 2721 894 2764 rex
932 2710 988 2764 in
1017 2708 1249 2764 saxonia
1288 2722 1474 2778 agens,
1519 2720 1553 2764 a
1587 2705 1795 2763 Uarine
1837 2705 2019 2776 legato
2053 2705 2310 2778 Romano,

83 2790 245 2866 quem
283 2807 381 2866 per
423 2794 669 2867 hyemem
708 2810 894 2853 secum
934 2795 1133 2868 babuit,
1173 2797 1364 2853 aedem
1422 2793 1950 2864 Brandeburgensem
2003 2796 2312 2851 consecrari

86 2896 308 2941 curasse
323 2883 550 2955 videtur,
568 2885 711 2941 etad
730 2884 834 2942 boc
849 2886 1134 2957 pertinere,
1154 2885 1296 2955 quod
1327 2883 1594 2941 annalista
1611 2884 1755 2939 Saxo
1785 2897 1888 2954 per
1916 2895 2148 2939 errorem
2167 2884 2310 2939 scri-

85 2974 213 3044 psit,
238 2972 604 3046 episcopatum
620 2975 796 3045 ipsum
816 2972 921 3030 boc
946 2988 1088 3030 enno
1110 2972 1381 3030 fundatum
1413 2970 1596 3042 luisse,
1625 2971 1679 3027 id
1706 2972 1850 3028 enim
1878 2985 1925 3027 a.
1945 2971 2007 3027 Ι).
2036 2972 2159 3030 941.
2187 2973 2310 3027 iac-

86 3066 216 3132 tan,
240 3061 353 3119 illic
377 3063 726 3120 ostendimus.
782 3061 880 3118 iiis
908 3065 1059 3135 actis,
1089 3063 1309 3119 dimisso
1327 3061 1549 3134 Marino,
1578 3060 1647 3116 ad
1674 3058 1913 3117 Rhenum
1938 3062 2104 3132 venit,
2133 3072 2311 3131 eoque

90 3152 400 3207 ammisso
429 3148 572 3208 festa
602 3150 879 3222 paschalia
904 3153 1225 3224 Aquisgrani
1253 3148 1685 3222 celebravit„ubi
1716 3150 1929 3220 legatos
1970 3147 2311 3221 (ineman,

92 3239 355 3308 Italorum,
374 3239 665 3310 Auglorum
697 3239 1029 3311 aliorumque
1061 3239 1379 3313 populorum
1403 3239 1586 3295 audiit.
1634 3238 2018 3295 Constantinus
2050 3242 2310 3309 augustus

93 3334 150 3385 et
177 3326 297 3384 Otto
322 3329 610 3385 amicitiam
636 3332 832 3386 mutuis
855 3331 1056 3387 nuntiis
1086 3334 1141 3386 et
1166 3327 1474 3384 muneribus
1503 3325 1858 3397 excolebant3
1903 3326 2198 3398 Lotbarius,
2240 3338 2311 3384 an

92 3416 433 3486 Berengarlus
462 3430 532 3473 ex
574 3418 732 3475 ltalia
758 3420 980 3492 miserit,
1018 3419 1294 3474 incertum.
1348 3415 1614 3472 Edredum
1642 3415 1868 3484 Angliae
1902 3429 2101 3487 regem,
2131 3414 2312 3471 credi-

95 3507 275 3578 domm,
314 3521 528 3563 causam
565 3504 823 3562 Lndovici
865 3509 1010 3578 regis
1053 3505 1459 3562 commendasse
1492 3506 1604 3574 ,iam
1643 3509 1839 3576 sponte
1866 3502 2099 3569 laventi3
2127 3502 2311 3559 Dauos

94 3608 303 3667 quoque
328 3601 384 3651 et
403 3594 671 3651 Bohemes
698 3594 936 3653 affuisse.

230 3682 279 3740 6.
349 3684 410 3740 ln
438 3682 610 3740 Gallia
636 3686 844 3741 interea
871 3682 1058 3740 turbae
1082 3681 1518 3755 perseverabant,
1545 3693 1725 3752 neque
1750 3693 1851 3751 per
1874 3678 2118 3747 nomem
2151 3678 2310 3748 quies

93 3776 224 3831 erat.
291 3771 510 3830 obierat
562 3786 701 3828 anno
741 3775 1020 3843 superiore
1059 3777 1253 3829 exunte
1293 3768 1553 3828 liudolfus
1593 3768 1961 3827 Lauduuensia
1997 3769 2311 3839 episcopus,

94 3861 471 3918 Lauduueuses
488 3862 603 3930 regi
634 3861 835 3918 addicti
851 3861 1165 3918 Roriconem
1185 3859 1400 3919 fratrem
1419 3861 1563 3928 regis
1581 3857 1816 3929 nothum,
1831 3856 2113 3913 diaconum
2132 3856 2313 3928 gradu,

97 3949 164 4008 ab
185 3950 475 4007 eruditione
494 3950 777 4022 laudatum,
793 3963 1166 4007 successorem
1185 3949 1404 4020 eligunt,
1434 3949 1531 4005 sed
1560 3962 1679 4003 cum
1702 3944 1941 4019 Laedunl
1966 3959 2074 4002 non
2092 3948 2313 4016 recipe-

95 4044 253 4110 retur,
276 4040 329 4095 in
356 4041 680 4096 munimento
700 4039 890 4097 Petrae
902 4041 1082 4111 pontis
1100 4039 1321 4096 resedit.
1356 4038 1748 4094 Ambianenses
1775 4035 2050 4093 obtrusum
2079 4035 2189 4091 sibi
2213 4049 2310 4106 pro

98 4128 347 4201 episcopo
373 4126 686 4184 'tetbaldum
729 4128 871 4184 baud
909 4127 1220 4201 probantes,
1258 4127 1447 4185 urbem
1487 4118 1603 4194 reg‘i
1632 4129 1689 4182 et
1717 4124 1940 4182 Arnull'o
1980 4124 2224 4198 produnt,
2253 4127 2313 4178 et

98 4216 247 4289 pulso
284 4219 534 4274 invasore
579 4217 867 4291 ecclesiae,
895 4217 1294 4287 Ragenbaldum
1333 4215 1744 4273 Atrebateusem
1778 4213 2111 4283 monachum,
2150 4225 2310 4282 quem

98 4307 199 4377 ipsi
225 4306 544 4377 delegerant,
572 4307 851 4378 recipiunt.
921 4307 1132 4364 Interea
1159 4306 1357 4364 milites
1384 4305 1668 4362 Remensis
1693 4304 1968 4362 ecclesiae
1994 4301 2065 4358 ab
2091 4284 2311 4358 Artaldo

97 4394 230 4451 baud
266 4397 483 4468 recepti,
517 4395 819 4453 Almontem
853 4394 1151 4467 (Anmont)
1189 4397 1421 4468 cupiunt,
1462 4393 1740 4467 nugonem
1780 4393 2083 4466 depositum
2135 4390 2310 4444 intre-

96 4484 300 4556 ducuut,
326 4484 581 4542 ditionem
601 4484 919 4543 lismensem
944 4488 1176 4543 vastant.
1220 4484 1408 4557 ltaque
1437 4485 1646 4556 naua,
1671 4497 1791 4541 cum
1817 4480 1981 4539 linem
2004 4480 2308 4552 rapinarum
