2817 4959
593 322 1125 396 ANNALES
1196 330 1648 402 IMPERII
2101 345 2231 412 49⁷

699 502 925 572 ANNO
974 505 1293 575 CHRISTI
1333 508 1555 581 041.

41 636 280 692 spir-atio
331 635 384 681 in
426 636 656 684 ottonem.
694 661 749 673 -
799 640 980 687 Punita.
1031 642 1227 690 Ditmari
1266 646 1478 692 historici
1517 658 1632 694 avus
1671 649 1721 694 in
1761 661 1835 696 ea.
1887 651 2050 700 Comes
2087 657 2229 703 etiam

41 704 355 752 Ver-lemnis-
386 729 444 741 -
493 709 722 756 Benricns
753 711 803 756 in
829 712 1080 757 custodiam
1109 716 1260 761 datur.
1312 716 1663 776 Atcblepiseopi
1699 724 1915 778 purgatio
1942 737 2028 781 per
2053 729 2228 773 eueha-

42 778 256 823 btinm.
288 798 355 810 --
411 779 521 824 Otto
559 780 818 826 floriniani
857 787 907 827 et
942 782 1330 842 laedebnrgenai
1371 789 1598 835 ecclesiae
1633 791 1715 836 dat
1738 798 2003 850 praecepta.
2028 818 2079 829 -
2133 799 2229 846 sed

41 849 293 904 apr-imin
329 854 407 895 est
433 850 481 895 iu
506 851 948 908 luneburgensem
974 855 1197 901 liberalis.
1225 878 1280 889 —
1330 857 1561 904 fundatio
1602 861 1893 920 episcopatus
1931 866 2229 915 Brandebnr·

41 921 228 964 ensin-
261 940 329 951 -—
355 921 608 976 Expeditio
636 922 685 967 in
712 922 947 969 Obotritoa
976 929 1023 970 et
1046 926 1215 972 Dauos.
1240 948 1294 960 -
1334 928 1546 974 Honacbi
1574 933 1806 979 canonicis
1832 936 2071 983 substituti
2096 940 2230 997 regia

42 993 315 1034 otestate.
345 1013 395 1022 —
453 991 732 1038 Honaateria
759 993 1020 1040 reformata.
1048 1018 1102 1029 —
1153 997 1287 1054 Ilugo
1313 998 1688 1057 archiepiscopus
1716 1005 1954 1050 ordinatur
1977 1007 2150 1054 Remis.
2173 1032 2227 1043 —
2295 1016 2303 1029 ¹

41 1063 333 1106 ‚ladovicus
360 1074 464 1107 enm
489 1062 709 1118 netgarto
737 1064 902 1109 comite
927 1066 1218 1113 Laudnnenai
1244 1070 1534 1125 conciliatur,
1570 1083 1671 1115 cun
1700 1084 1755 1118 eo
1782 1074 1982 1131 tingatur,
2001 1079 2060 1123 ab
2078 1079 2227 1135 aqui·

41 1133 161 1178 anis
197 1134 394 1178 colitur
420 1139 468 1178 et
493 1134 658 1179 cml·
686 1127 1003 1181 contamino.
1036 1158 1091 1169 —
1143 1138 1217 1185 Ad
1241 1139 1537 1185 wilhelmum
1562 1141 1866 1190 Romanunm
1904 1150 2035 1193 venit
2056 1150 2227 1196 Baral-

42 1208 116 1248 mn
164 1204 375 1248 nautae
416 1216 500 1250 rex
537 1206 712 1261 palens.
754 1227 810 1239 -
862 1206 1001 1253 linesi
1040 1210 1224 1264 eonati
1263 1210 1458 1256 llanais.
1495 1232 1551 1245 -·
1603 1214 2032 1272 constantinopolin
2072 1221 2234 1267 eluse·

41 1279 253 1319 entant.
289 1295 346 1308 -
393 1275 633 1330 Principes
661 1287 818 1321 eorum
844 1279 967 1323 eirca
994 1279 1081 1323 boc
1108 1283 1285 1335 tempus
1314 1292 1371 1325 ex
1396 1282 1668 1330 Nor-mannia
1695 1289 1800 1332 orti.
1825 1308 1880 1319 —
1930 1288 2225 1345 Norogardia

43 1346 184 1390 eden
231 1344 509 1401 principum
549 1346 798 1392 Bessorum
838 1359 899 1395 ex
923 1349 1194 1394 Nor-mannis
1222 1353 1439 1396 ortorum.
1464 1375 1519 1386 -
1569 1355 1698 1411 Ignis
1727 1354 1926 1402 Graecus
1953 1362 2111 1405 contra
2133 1362 2222 1408 Sa·

42 1426 249 1461 aennon
295 1415 487 1471 negem
525 1418 795 1472 promissus.
835 1439 889 1451 -·
951 1420 1183 1476 Cotuatua
1223 1422 1404 1476 pulveri
1445 1425 1608 1479 pyr-lo:
1656 1427 1822 1482 quibus
1867 1434 2129 1485 usurpatus.
2167 1451 2224 1465 —

41 1487 297 1531 [ubertus
343 1486 469 1531 fliius
504 1487 711 1543 lingonis
751 1491 878 1545 regis
916 1492 1121 1541 marchio
1146 1493 1341 1537 Tusciae
1367 1494 1436 1538 at.
1462 1516 1517 1527 —
1568 1495 1648 1540 rit
1673 1498 1765 1542 dux
1791 1498 1997 1554 Spoleti3
2040 1501 2224 1546 occasio

41 1558 89 1603 ὼ
122 1568 312 1601 uxore.
343 1578 399 1590 -
425 1557 753 1605 Honaaterium
777 1560 919 1606 ledii
944 1561 1091 1607 heus
1118 1562 1429 1610 reformatum.
1456 1565 1632 1611 Versus
1658 1567 1864 1614 Leoninl.
1895 1568 2038 1625 Orico
2066 1581 2224 1617 eorum

41 1642 53 1673 t
82 1628 333 1675 Francis.
359 1647 417 1659 —
466 1628 675 1685 Reginae
698 1630 938 1677 Iatblldis
964 1633 1150 1678 vexatio
1176 1645 1205 1679 a
1232 1634 1357 1679 filiis.
1408 1636 1679 1692 'temporum
1706 1640 1949 1686 connexio.

98 1737 161 1792 1.
242 1732 444 1791 Gravis
482 1736 539 1793 ln
574 1735 825 1793 ottonem
865 1739 1191 1810 conspiratio
1232 1739 1334 1795 bac
1368 1740 1562 1811 hyeme
1601 1745 1658 1800 in
1685 1744 1918 1802 Saxonia
1946 1745 2088 1804 tacta
2116 1751 2219 1806 ost.
2244 1742 2310 1813 Α.
2332 1741 2467 1814 941.

42 1825 192 1894 ites,
258 1836 405 1892 qnos
450 1819 592 1879 Gero
641 1824 882 1898 regebat,
937 1826 1147 1896 fatigati
1197 1829 1628 1900 expeditionibus
1675 1834 1734 1889 in
1777 1832 2051 1907 barbaros,
2102 1850 2222 1893 cum

41 1912 266 1985 pendia,
312 1910 690 1973 deficientibus
732 1912 945 1970 tributis
972 1914 1251 1972 Slavornm
1291 1917 1592 1991 rebellium,
1632 1919 1772 1977 baud
1809 1925 1942 1978 satis
1970 1930 2222 1981 accurate

41 2006 411 2070 metarentur,
458 2002 567 2056 iras
609 2014 642 2056 a
681 2001 820 2059 duce
864 2005 921 2059 in
964 2018 1147 2073 regem
1194 2004 1532 2079 transferunt,
1579 2011 1671 2079 qui
1718 2008 1884 2066 turbis
1928 2012 2219 2081 implicitus

41 2089 178 2146 llam
207 2091 282 2144 iis
308 2090 547 2158 quietem
570 2089 917 2147 concedebat.
973 2093 1329 2151 stimulabant
1356 2095 1585 2169 occulte,
1615 2099 1706 2168 qui
1733 2097 1971 2168 partibus
1999 2099 2220 2156 Heni-ici

41 2177 256 2246 rebant,
297 2181 452 2247 cnjus
493 2177 792 2234 hnmanitas
832 2178 1238 2252 liberalitasque
1265 2182 1598 2241 laudabatur.
1669 2186 1932 2243 Henricus
1961 2188 2081 2259 ipse
2107 2201 2219 2246 non

41 2280 176 2339 pers
222 2267 573 2325 consiliorum
615 2264 787 2322 fuisse
831 2265 1026 2326 fertur:
1069 2269 1304 2327 nondum
1350 2277 1594 2328 cesserat
1633 2274 1890 2342 regnandi
1936 2275 2219 2347 cupiditas,

42 2357 264 2426 dorque
293 2357 456 2412 etiam
483 2359 824 2424 acceptorum
852 2356 1176 2413 dedecorum
1210 2361 1268 2414 in
1294 2360 1585 2415 vindictam
1620 2360 1833 2431 agebat.
1904 2362 2092 2433 itaque
2120 2378 2221 2420 ca-

41 2452 93 2501 ta
122 2443 377 2503 factionis
404 2441 713 2499 muneribus
742 2446 798 2501 et
824 2446 1105 2514 promissis
1127 2447 1481 2504 sustentabat.
1535 2447 1604 2504 Et
1626 2462 1716 2506 res
1740 2449 1808 2507 ad
1830 2454 2033 2507 tantum
2057 2450 2216 2509 nefas

41 2535 270 2603 acessit,
308 2537 369 2588 ut
397 2530 778 2600 Quedliuburgi
804 2534 860 2588 in
887 2533 1128 2604 paschali
1156 2533 1468 2606 festivitate,
1507 2550 1650 2605 quae
1678 2538 1926 2609 instabat,
1964 2540 2217 2596 occidere

43 2636 186 2693 gem,
212 2622 440 2678 ilenrico
467 2623 740 2691 praesenti
759 2620 1002 2677 diadema
1027 2623 1305 2691 imponere
1325 2625 1669 2680 constitutum
1688 2631 1865 2682 esset:
1895 2627 1992 2682 sed
2013 2626 2213 2682 indicio

43 2710 305 2768 editionis
325 2709 391 2765 ad
410 2721 474 2765 se
494 2709 687 2780 delato,
707 2723 819 2779 rex,
836 2708 1173 2766 dissimulata
1190 2711 1397 2780 notitia,
1425 2709 1557 2765 nibil
1576 2714 1857 2780 quicquam
1879 2714 2213 2783 publicorum

43 2800 281 2857 inierunt
322 2799 694 2869 intermittens,
737 2797 837 2853 sed
883 2796 1053 2853 milite
1095 2797 1243 2853 fideli
1283 2798 1516 2854 vallatus
1560 2798 1848 2855 absterruit
1885 2805 2211 2871 conjuratos.

43 2893 152 2944 isto
179 2886 369 2942 deinde
393 2890 631 2958 peracto,
662 2885 891 2941 consilio
918 2885 1235 2942 Francorum
1264 2887 1576 2957 principum,
1606 2885 1799 2956 quibus
1829 2892 1955 2943 tnnc
1983 2891 2210 2948 maxime

43 2976 254 3046 ebatur,
279 2974 580 3031 lierimanni
609 2976 761 3030 ducis
789 2974 1097 3045 Udoaisque
1125 2979 1181 3031 et
1208 2973 1457 3045 Conradi,
1484 2987 1644 3043 quem
1670 2974 1991 3031 witikindus
2018 2973 2212 3033 Rufum

43 3070 173 3135 icat,
217 3061 303 3119 alii
340 3061 735 3133 Gnrciboidum,
776 3062 1161 3132 comprehendi
1204 3063 1454 3120 conscios
1491 3061 1664 3137 jubet,
1711 3066 1820 3136 aut,
1864 3064 1912 3120 si
1957 3061 2113 3122 aliter
2151 3065 2210 3123 in

43 3157 311 3214 »testatem
335 3152 501 3222 redigi
526 3167 637 3208 non
663 3157 903 3224 possent,
931 3152 1126 3208 occidi.

132 3241 195 3298 2.
261 3239 446 3295 ilerum
474 3241 673 3311 primus
699 3240 906 3312 Ericns,
932 3243 1016 3296 vir
1042 3241 1366 3298 fortissimus
1394 3247 1451 3300 et
1476 3241 1658 3299 multis
1683 3240 1932 3298 laudibus
1958 3242 2208 3312 egregius

66 3332 271 3390 charus
293 3328 501 3399 populo,
544 3343 663 3385 cnm
705 3336 935 3387 armatos
977 3329 1174 3387 adesse
1212 3333 1510 3387 nuntiatum
1537 3336 1704 3403 esset,
1745 3344 1938 3401 equum
1967 3336 2207 3402 paratum

44 3417 257 3488 cendit,
293 3422 344 3473 et
378 3416 714 3473 circumfusis
754 3415 1015 3489 hostibus,
1057 3430 1261 3474 memor
1287 3420 1546 3489 pristinae
1571 3421 1782 3476 virtutis
1810 3423 1867 3476 et
1893 3418 2208 3491 nobilitatis,

43 3512 192 3571 aluit
229 3506 405 3562 cadere
443 3506 794 3577 inimicorum,
837 3520 995 3575 quarn
1035 3505 1301 3562 carnificis
1341 3522 1516 3563 manu.
1587 3507 1669 3563 Ita
1709 3506 1900 3564 lancea
1928 3505 2207 3578 perfossus

45 3596 265 3657 cubuit.
321 3593 659 3664 Vorbnrgius,
684 3593 1002 3651 Sebatenins
1028 3594 1232 3666 aliique
1256 3599 1610 3667 recentiores,
1636 3598 1825 3653 nescio
1845 3595 2003 3665 unde,
2032 3594 2207 3649 comi-

45 3706 103 3747 ιιι
134 3681 451 3741 werlensern
497 3683 713 3740 iaciant.
787 3682 1004 3740 caeteri
1046 3684 1191 3755 capti
1227 3682 1397 3741 altera
1423 3686 1722 3756 septimana
1762 3696 1909 3738 more
1947 3683 2202 3750 majorum

45 3774 232 3836 innati
257 3773 427 3841 capitis
457 3772 774 3843 supplicium
815 3769 1107 3828 subierunt.
1180 3771 1447 3828 Ditmarus
1486 3776 1701 3844 praeter
1724 3770 1937 3826 Ericum
1965 3770 2204 3826 nominat

45 3874 306 3930 icconen,
332 3859 718 3931 Herimaunnm,
750 3859 1138 3931 Reinwardum,
1166 3859 1444 3929 Wirinum,
1480 3860 1774 3917 Esericum.
1845 3856 2024 3929 Addit,
2048 3856 2200 3914 Luit-

45 3957 209 4013 trium
242 3961 377 4003 avan
414 3962 568 4005 snum
608 3952 885 4018 paternum
926 3950 1241 4020 participem
1282 3950 1518 4005 criminis
1571 3950 1629 4004 et
1666 3948 1823 4002 morti
1865 3946 2203 4020 destinatum,

45 4039 286 4108 incipun
318 4037 703 4093 intercessione
747 4038 1011 4107 evasisse,
1055 4035 1323 4107 bonisque
1361 4037 1589 4093 ademtis
1631 4047 1771 4091 anno
1809 4035 2017 4104 integro
2059 4035 2201 4107 apud

45 4125 297 4189 ertoldun
318 4123 566 4181 Bavariae
595 4127 841 4181 comitem
875 4124 965 4196 (id
991 4129 1077 4181 est
1103 4120 1324 4196 ducem)
1363 4127 1421 4181 in
1449 4122 1694 4180 custodia
1720 4124 1917 4193 egisse.
1988 4123 2201 4180 Deinde

45 4217 291 4278 istit-tuni
322 4217 372 4268 et
406 4214 463 4269 in
502 4213 726 4282 gratiam
765 4218 1056 4285 receptum,
1103 4216 1266 4271 etiam
1308 4212 1528 4283 praedia
1571 4213 1629 4267 in
1670 4211 2034 4269 Sundersleva
2060 4214 2116 4268 et
2140 4213 2200 4268 iu

45 4305 399 4369 vodenesvege
423 4303 570 4371 regis
592 4314 810 4358 munere
837 4302 1211 4371 acquisivisse.
1282 4301 1407 4372 lpse
1436 4304 1630 4372 tamen,
1655 4306 1717 4357 nt
1741 4314 1805 4358 se
1831 4300 2009 4371 judice
2034 4313 2197 4357 nemo

45 4406 209 4451 1ocens
233 4387 511 4461 absolvitur,
550 4389 813 4459 expiando
841 4389 1040 4447 delicto
1072 4391 1454 4446 monasterium
1479 4390 1535 4447 in
1561 4388 1819 4446 bonorem
1846 4393 2069 4446 sanctae
2094 4384 2200 4442 Dei

45 4478 268 4545 {enitricis
283 4478 574 4543 construxit,
601 4477 973 4546 decimamque
996 4476 1341 4547 baereditatis
1369 4491 1504 4537 snae
1529 4481 1737 4552 partem
1762 4475 1950 4535 usibus
1978 4472 2197 4531 fratrum

118 4593 341 4632 annm
367 4592 589 4628 ursan
618 4593 741 4627 ron.
769 4582 834 4629 11.
1650 4584 1734 4651 32
