2817 4959
730 287 1267 360 ANNALE‘S
1330 292 1797 362 impelii-1
2241 295 2367 363 315

109 467 338 524 dussis
364 465 692 539 praefectus,
731 469 1092 524 necessarius⁴
1113 468 1385 525 nonnullis
1429 470 1579 526 visus
1607 473 1705 526 est
1733 467 1975 526 tuendae*
2004 469 2383 527 adolescentis
2399 469 2609 542 mm,

109 558 435 630 autoritati,
479 558 536 612 in
580 568 742 628 quem
784 557 986 628 passim
1033 557 1465 628 consuli-abatur..
1538 557 1620 615 lta
1662 560 1726 615 in·
1763 558 1939 615 aulam
1982 560 2181 631 irrepit,
2226 558 2371 616 filiae

105 645 388 703 Helenae
432 659 553 702 cum
596 646 1100 717 principe‘nuptias
1141 649 1446 718 paciscitur,
1486 637 1905 704 *Gonstantinm
1948 649 2003 703 in
2046 651 2370 719 potestatem

109 735 354 803 redigit.
409 734 521 791 Zoc
553 739 778 804 augusta
801 736 1111 793 insidiarum
1139 736 1505 793 inliomanum
1535 743 1801 807 accusata,
1829 736 2073 809 pellitur,
2103 737 2375 794 Romanus

113 836 332 880 caesar
358 826 709 880 renuntiatur.
759 823 1014 884 Nicolaus
1042 825 1339 895 patriarcha
1365 840 1617 882 ceronam
1646 828 1699 882 el
1725 828 1977 897 imponit3
2008 840 2130 880 mox
2150 830 2206 880 et
2229 824 2373 881 lilius

114 911 562 982 christophorus
591 913 801 982 collega
827 917 1128 972 assumitur.
1179 912 1259 972 Eo
1288 914 1521 985 denique
1548 926 1859 985 processum
1888 920 1989 985 cst,
2015 920 2081 970 ut
2103 913 2375 970 Constan-

118 1003 300 1073 tinus,
317 1004 475 1070 cujus
502 1004 671 1071 gratia
699 1003 779 1057 illi
806 1005 863 1059 in
890 1003 1119 1060 sublime
1146 1003 1515 1073 ascenderant,
1543 1003 2375 1076 postremoloco‘nomiuaretnr.

119 1088 441 1146 Romanum
469 1102 537 1146 ex
565 1089 846 1147 classiario
871 1092 1042 1149 milite
1069 1091 1135 1149 ad
1165 1105 1423 1148 summum
1460 1093 1626 1149 decus
1650 1107 1761 1148 non
1789 1090 2000 1148 fortuna
2027 1095 2246 1165 tadum,
2271 1091 2375 1148 sed

121 1183 193 1234 et
236 1177 514 1234 fortitudo
546 1179 751 1235 extulit.
814 1179 1182 1252 LuitpranduS,
1226 1186 1378 1252 cujus
1421 1185 1589 1251 pater·
1615 1183 1679 1236 ad
1710 1194 1829 1237 eum
1872 1181 1938 1236 ab
1980 1182 2203 1251 Hugoue
2242 1194 2375 1250 rege

125 1281 265 1323 nox
289 1268 496 1348 missus
525 1267 639 1340 ruit,
679 1274 872 1340 narrat,
912 1270 1125 1328 navalia
1162 1270 1440 1342 stipendia}
1463 1276 1757 1327 merentem
1797 1284 1828 1327 a
1855 1269 2131 1342 praelecto
2177 1270 2372 1326 classis

131 1356 376 1414 caeteris
404 1355 568 1414 facile
596 1357 887 1430 praelatum
919 1357 1105 1415 ruisse.
1155 1359 1315 1417 Forte
1334 1359 1708 1416 iii-saracenos
1727 1359 2059 1430 exploratum
2078 1358 2372 1430 profectus,

133 1457 276 1501 sono
305 1446 512 1518 audito,
539 1446 780 1519 credidit,
807 1449 1031 1504 insidias
1055 1449 1111 1504 iu
1140 1443 1711 1520 quodamssarimdineto
1739 1448 1925 1505 latere.
1982 1448 2171 1519 itaque
2200 1446 2371 1504 Grae-

134 1548 260 1590 cu-
300 1536 487 1602 igucm
530 1536 678 1604 inJici
714 1538 891 1604 iussit.
972 1539 1103 1593 Tum
1148 1538 1237 1594 leo
1271 1538 1458 1609 exiliit,
1502 1544 1556 1594 et
1596 1541 2009 1595 circumeuntem
2060 1553 2177 1593 cum
2218 1538 2381 1592 socio

135 1623 437 1680 Romanum
483 1623 696 1681 invasit.
768 1627 916 1682 Alter
961 1629 1289 1682 semianimis
1336 1629 1601 1697 concidit3
1655 1627 1922 1683 llcmauua
1967 1626 2186 1696 pallium
2228 1624 2378 1681 bosi}

139 1709 352 1782 objicit,
368 1713 513 1783 quod
543 1714 664 1769 dum
692 1713 781 1769 leo
810 1729 908 1785 pro
936 1714 1149 1771 bomine
1179 1715 1450 1788 discerpit,
1478 1718 1597 1786 ipse
1626 1716 1767 1771 bunc
1793 1718 1920 1771 totis
1938 1714 2143 1770 viribus
2164 1729 2196 1770 a
2219 1717 2375 1783 tergo

135 1802 287 1857 hier
319 1803 552 1857 clunium
588 1805 865 1872 juncturas
897 1817 1030 1859 ense
1060 1806 1344 1877 percussit,
1386 1809 1443 1861 et
1470 1805 1777 1860 dissociatis
1812 1803 2051 1859 cruribus
2091 1803 2373 1859 cadentem

133 1890 398 1947 confecit.
445 1890 524 1947 lta
547 1907 665 1948 cum
689 1892 861 1949 clarus
888 1892 1192 1964 baberetur,
1221 1907 1255 1948 a
1278 1892 1462 1950 Leone
1490 1898 1718 1962 augusto
1746 1893 1908 1948 classi
1936 1892 2243 1965 praefectus
2272 1894 2372 1963 esl,

132 1979 262 2035 dum
289 1978 499 2036 Pbocas
528 1980 854 2036 domesticus
895 1979 1241 2038 terrestribus
1282 1981 1457 2052 copiis
1498 1985 1798 2053 praeesset.
1853 1981 1994 2038 luter
2018 1969 2142 2037 'bos
2174 1979 2371 2036 deiude

127 2067 236 2124 sub
263 2067 478 2125 infante
505 2082 729 2124 caesare
757 2069 1044 2132 aemulatio
1073 2069 1189 2125 fuit.
1228 2070 1467 2127 Romano
1494 2070 1753 2141 praelato,
1789 2068 1995 2125 Pbocas
2024 2071 2078 2125 in
2103 2071 2224 2140 ipsa
2253 2082 2371 2123 cum

124 2156 386 2227 Balgatia
412 2171 588 2229 pugna
614 2160 854 2214 nuntium
882 2161 1144 2229 ingratum
1172 2161 1466 2229 accipiens,
1507 2161 1801 2231 victoriam,
1846 2173 2003 2230 quam
2043 2160 2100 2213 in
2128 2155 2370 2238 manibus

123 2244 395 2318 babebat,
434 2252 629 2317 sponte
662 2249 859 2318 omisit,
890 2250 1238 2318 receptuique
1280 2251 1402 2304 cani
1423 2250 1605 2318 jussit.
1652 2247 1786 2305 inde
1813 2247 1938 2317 fuga
1966 2246 2288 2303 Graecorum
2318 2250 2375 2301 et

126 2333 348 2390 clades.
405 2334 532 2404 lpse
572 2337 629 2391 in
667 2333 853 2394 urbem
895 2350 1145 2393 reversus
1183 2337 1549 2411 palatiumque
1586 2339 1747 2395 armis
1776 2338 2003 2407 tentans,
2046 2336 2310 2392 deseritur
2339 2347 2373 2390 a

126 2424 275 2494 suis,
318 2428 615 2495 captusque
641 2423 929 2480 luminibus
959 2424 1189 2482 orbatur.
1253 2425 1521 2482 Romanus
1549 2428 1772 2496 primum
1801 2425 2237 2494 Basileopatoros
2266 2436 2375 2477 nc-

125 2526 260 2569 vam
291 2512 602 2581 dignitatem
640 2517 848 2586 nactus,
890 2518 947 2569 et
983 2516 1067 2585 (si
1107 2503 1371 2574 maledico
1414 2516 1662 2588 scriptori
1703 2514 2003 2582 credimus)
2043 2514 2205 2568 etiam
2232 2510 2374 2568 Zoes

126 2600 432 2658 concubitu
472 2604 672 2672 potitus
702 2604 803 2662 est.
861 2600 992 2658 inde
1022 2616 1209 2659 caesar
1247 2607 1304 2659 et
1337 2609 1596 2673 augustus
1637 2604 1983 2658 renuntiatur.
2042 2600 2192 2656 Haec
2217 2596 2375 2654 Luit-

130 2691 405 2763 prandus;
433 2690 532 2746 sed
553 2690 771 2746 Graecis
800 2690 1153 2763 scriptoribus
1181 2692 1349 2760 magis
1380 2690 1503 2761 fido,
1532 2691 1623 2761 qui
1650 2689 1781 2745 nibil
1811 2689 1918 2746 tale
1948 2689 2017 2743 de
2040 2687 2166 2759 zoa,
2193 2699 2372 2757 neque

127 2779 207 2835 de
233 2778 448 2835 Phocae
476 2793 595 2834 cum
621 2778 864 2847 Bulgaris
892 2780 1097 2853 praelio
1124 2779 1338 2836 babent.
1376 2779 1514 2837 illud
1544 2781 1853 2848 memorant,
1876 2776 2115 2833 Leonem
2141 2774 2373 2831 Phocum

130 2866 404 2938 dignitate
442 2869 766 2940 magistrum,
807 2869 863 2924 id
905 2872 991 2927 est
1032 2869 1392 2924 consiliarium
1435 2870 1690 2937 intimum,
1731 2864 1928 2921 robore
1956 2869 2011 2921 et
2050 2866 2372 2936 proceritate

130 2954 518 3028 spectabilem,
558 2956 806 3013 Romanis
846 2958 1171 3014 exercitibus
1211 2957 1560 3028 praesectum,
1608 2955 1893 3012 contractis
1934 2954 2169 3023 undique
2198 2953 2372 3024 copiis

130 3044 204 3102 ad
235 3044 572 3115 tyrannidem
598 3048 899 3117 aspirasse3
939 3052 996 3103 et
1023 3048 1088 3102 ad
1119 3046 1474 3118 chrysopolin
1502 3061 1533 3102 e
1561 3048 1784 3113 regione
1811 3046 1992 3115 regiae
2018 3039 2166 3100 urbis
2196 3044 2373 3097 castra

131 3138 419 3203 metatum,
440 3146 505 3190 ea
523 3147 583 3190 re
609 3134 846 3191 Romano
877 3134 1072 3196 classis
1099 3135 1375 3208 praesecto
1408 3139 1465 3191 et
1484 3137 1594 3204 jam
1622 3136 1678 3190 iu
1707 3133 1829 3191 aula
1858 3133 2084 3205 potenti,
2112 3143 2369 3186 summam

130 3223 484 3278 autoritatem
512 3223 868 3281 accelerasse.
917 3224 1069 3282 Hunc
1099 3228 1240 3284 enim
1267 3239 1428 3281 unum
1454 3222 1724 3280 habebant
1751 3224 1908 3280 amici
1933 3222 2169 3278 caesaris
2198 3219 2368 3290 pueri,

131 3324 301 3383 quem
329 3319 666 3383 opponerent
693 3316 959 3382 ingruenti
987 3314 1212 3371 Phocae.
1262 3312 1449 3385 Itaque
1477 3314 1668 3369 literae
1696 3313 2031 3382 imperatoris
2061 3309 2126 3366 ad
2156 3308 2372 3364 exerci-

130 3406 248 3455 tum
277 3402 570 3473 mittuntur,
612 3400 803 3473 quibus
846 3401 1122 3462 abdicatur
1160 3401 1383 3475 Phocas,
1426 3402 1646 3458 Romani
1686 3400 1919 3457 fidelitas
1949 3396 2366 3456 commendatur.
2573 3467 2583 3476 φ

131 3488 215 3544 lta
257 3488 469 3544 Phocus
508 3504 539 3545 a
580 3492 694 3546 suis
738 3490 1029 3558 deseritur3
1085 3491 1351 3550 Romanus
1392 3494 1617 3563 primum
1660 3491 1726 3546 ad
1767 3489 2022 3559 magistri,
2065 3484 2260 3540 deiude
2302 3484 2370 3542 ad
2450 3519 2459 3530 ι
2504 3519 2517 3527 -

129 3579 309 3650 patris
340 3577 754 3650 appellationem
783 3584 1087 3651 provectus,
1134 3594 1166 3634 a
1195 3593 1419 3637 caesare
1458 3586 1730 3652 postremo
1773 3578 1982 3646 collega
2020 3573 2366 3631 renuntiatur.

283 3667 368 3721 17.
442 3664 793 3737 Luitpraudus
835 3682 948 3725 rem
989 3671 1064 3724 ita
1102 3674 1298 3740 narrat,
1353 3671 1507 3739 quasi
1550 3668 1740 3725 ecdem
1783 3666 2012 3737 quidem,
2070 3676 2174 3733 quo
2217 3666 2370 3733 pater

131 3755 385 3812 caesaris
414 3759 625 3811 creatus
655 3761 756 3825 est,
796 3771 953 3829 anno,
995 3756 1254 3815 Helenam
1296 3757 1459 3816 filiam
1488 3758 1820 3816 adolescenti
1857 3750 2228 3825 desponderit;
2271 3750 2370 3812 sed

130 3844 308 3901 altero
339 3847 467 3914 post
491 3847 581 3898 vix
609 3846 920 3916 impetrarit,
957 3850 1017 3900 ut
1052 3847 1433 3903 rubricatarum
1461 3847 1680 3918 pellium
1709 3844 1912 3914 caligiS,
1954 3856 2103 3898 more
2129 3843 2372 3911 impera-

130 3938 312 3989 torum
341 3934 421 3987 uti
449 3930 657 3990 liceret.
706 3934 885 3994 Tertio
916 3935 1123 3992 demum
1151 3936 1432 3994 ridiculum
1460 3950 1523 3991 se
1549 3935 1736 3990 haberi
1763 3936 2025 4005 questum,
2056 3932 2140 3987 cui
2168 3929 2287 3986 sola
2311 3930 2372 3988 in

128 4020 368 4093 pedibus
397 4021 625 4091 dignitas
654 4029 954 4095 appareret,
982 4026 1174 4096 capitis
1197 4023 1441 4082 diadema
1460 4023 1774 4081 obtinuisse.
1811 4021 1918 4077 Sed
1942 4024 2142 4080 rectius
2161 4018 2372 4090 Graeci,

129 4109 331 4166 eodem
362 4124 519 4181 anno,
561 4125 681 4168 cum
707 4112 818 4169 iilia
843 4116 898 4169 iu
927 4112 1184 4183 paschate
1207 4117 1435 4184 augusta
1465 4120 1721 4170 coronata
1747 4111 1959 4182 fuisset,
2000 4126 2125 4168 mcx
2151 4112 2205 4165 in
2234 4109 2370 4181 ipsis

130 4198 338 4254 Christi
366 4198 625 4255 natalitiis
655 4199 742 4260 vel
771 4202 931 4272 paulo
960 4206 1102 4276 ante,
1143 4206 1354 4272 augusti
1380 4197 1638 4258 honorem
1668 4215 1699 4258 a
1726 4215 1924 4270 genero
1956 4201 2160 4257 tulisse.
2198 4197 2370 4253 Nico-

127 4286 252 4343 laus
281 4286 586 4358 patriarcba
627 4303 876 4346 coronam
919 4291 970 4348 ei
1011 4293 1252 4364 imponit,
1292 4305 1417 4348 mox
1447 4295 1504 4347 et
1530 4289 1671 4346 filius
1701 4288 2115 4362 christophorus
2157 4285 2369 4357 collega
2432 4289 2437 4296 “

129 4378 445 4446 assumitur,
481 4379 536 4432 et
562 4390 630 4434 eo
662 4377 894 4450 denique
922 4393 1235 4451 processum
1265 4381 1506 4437 scribunt
1534 4378 1724 4437 Graeci
1753 4380 1984 4452 quidam,
2013 4380 2071 4434 ut
2098 4375 2372 4434 Constan-

131 4465 298 4538 tinus,
327 4467 486 4535 cujus
515 4468 682 4536 gratia
709 4466 790 4523 illi
816 4471 873 4526 in
901 4468 1130 4528 sublime
1157 4471 1531 4544 ascenderant,
1565 4473 1868 4544 postremus
1895 4467 2197 4527 baberetur.
2250 4464 2366 4540 Ego
