2817 4959
248 409 471 481 &RQ

494 242 626 314 “D
1073 237 2122 310 ARNALESIMPBRH

811 416 1030 474 Attollat
1051 420 1328 489 meaque
1353 417 1462 488 ἅυ,
1488 417 1650 487 dique
1675 418 1900 473 excolat
1917 420 2060 486 actu,

807 506 881 562 Et
906 521 1027 562 omn
1047 506 1389 576 prauumue
1411 509 1633 571 sanctus,
1654 507 1932 561 consortia
1956 516 2183 576 quom

807 594 1116 650 Frontoni!
1140 595 1281 648 sectis
1304 593 1464 665 (lego
1489 594 1693 664 seclis),
1714 596 1956 662 praestet
1979 605 2144 661 snper
2167 588 2406 645 aethera
2430 591 2649 645 seim

633 682 684 738 2.
754 682 903 738 Haec
940 681 1304 752 Frodoardu83
1354 696 1422 737 ex
1452 680 1643 751 quibus
1684 679 2013 750 intelligitur,
2054 678 2292 734 Leonem
2336 679 2694 735 renitente-
2710 692 2735 733 a

381 749 400 766 ’
490 770 742 829 Romanis
783 771 850 828 ad
892 771 1102 828 culmen
1138 774 1360 841 raptum,
1401 774 1608 824 suetam
1649 769 1868 838 pietatis
1908 765 2164 823 culturam
2204 766 2275 824 ob
2318 772 2555 824 tantum
2584 768 2735 824 dee·

488 874 601 918 non
643 860 1017 931 intermisisse,
1071 858 1168 916 sed
1214 859 1591 914 meditationes
1636 860 1852 912 sanctas
1894 858 2058 912 rectis
2093 853 2307 912 actibus
2351 858 2737 925 conjunxisse

487 948 764 1019 Reliquias
804 952 1106 1004 sanctorum
1143 944 1450 1002 Frodoardo
1487 945 1831 1001 concessisse
1858 944 2189 1014 crediderim,
2228 956 2380 1014 quae
2424 949 2580 1000 tunc
2622 959 2736 1017 pre·

487 1038 785 1096 tiosissima
826 1037 1023 1092 Romae
1064 1048 1283 1090 munera
1319 1032 1666 1104 habebantur,
1719 1046 1897 1104 neque
1941 1036 2057 1089 erat
2107 1033 2413 1089 occidentis
2476 1034 2739 1100 ecelesfn,

488 1142 650 1200 qnam
699 1128 927 1198 portitor
979 1124 1112 1179 tanti
1166 1122 1292 1178 doni
1344 1136 1456 1178 non
1506 1122 1886 1178 demereretur.
1983 1120 2220 1178 Leonem
2266 1136 2343 1179 ex
2396 1120 2739 1178 Benedicti—

486 1229 676 1276 norum
715 1214 899 1270 ordine
928 1216 1172 1282 sumtum,
1212 1224 1319 1267 non
1359 1208 1785 1281 improbabiliter
1817 1207 2036 1265 Habilio
2074 1210 2320 1279 conjicit3
2360 1223 2595 1283 nempe
2624 1226 2739 1267 no·-

485 1303 712 1361 nachum
754 1301 940 1372 fuisse,
980 1300 1105 1372 quia
1144 1297 1244 1355 Dei
1284 1311 1498 1355 servum
1536 1297 1868 1354 Frodoardus
1902 1300 2090 1369 vocat5
2124 1297 2579 1370 Benedictinun‚
2613 1302 2738 1370 quia

484 1394 606 1464 ipse
644 1392 701 1447 in
739 1390 911 1446 literis
953 1390 1018 1445 ad
1056 1389 1341 1460 episcopos
1365 1383 1676 1443 Gallicanos
1704 1400 1799 1458 pro
1827 1385 2155 1442 Floriacensi
2188 1388 2540 1444 monasterio
2570 1401 2740 1458 egre-

485 1482 630 1550 gium
655 1484 876 1551 patrem,
910 1476 1157 1534 domuum
1183 1480 1425 1532 nestrum
1453 1475 1837 1546 beatissimum,
1863 1474 2209 1532 Benedictun
2231 1474 2512 1548 appellat.
2589 1477 2733 1534 Suc-
2804 1507 2805 1526 1

484 1570 655 1626 cessit
708 1566 1012 1638 Stephanus
1061 1565 1298 1622 Octavus
1348 1568 1531 1638 (recte
1588 1564 1832 1620 Platinse
1882 1569 1939 1619 et
1988 1564 2225 1635 Sigonio,
2283 1566 2394 1620 etsi
2447 1564 2733 1623 Bar-onia

480 1655 690 1712 Nonum
716 1656 925 1726 vocet),
965 1668 1123 1724 quem
1160 1655 1381 1710 natione
1405 1652 1723 1709 Germanum
1751 1652 1899 1710 nulla
1919 1656 2159 1709 veterum
2186 1655 2487 1710 autoritate
2518 1655 2731 1711 faciut

482 1745 737 1802 Hartinus
775 1743 1006 1801 Polonus
1046 1746 1103 1800 et
1126 1742 1388 1812 Augerius
1424 1742 1494 1798 de
1530 1742 1767 1798 Biterris.
1836 1737 2033 1796 Scribit
2071 1741 2325 1798 Baronius
2365 1742 2479 1815 (ad
2523 1757 2729 1800 annun

484 1833 836 1904 sequentem)
880 1845 950 1890 ex
994 1831 1225 1904 quodam
1267 1831 1402 1888 libro
1450 1829 1520 1886 de
1562 1830 1812 1886 Romanis
1855 1828 2210 1903 pontificibus,
2256 1845 2417 1900 quem
2467 1840 2727 1890 vetere·

480 1927 658 1995 vocat,
702 1935 804 1993 ego
844 1923 1078 1978 medium
1109 1923 1312 1992 judico,
1348 1920 1506 1990 huno,
1533 1921 1639 1975 etsi
1667 1918 1996 1991 Germanum,
2022 1934 2056 1974 a
2083 1919 2350 1991 Romanis,
2378 1920 2725 1990 posthabitis

482 2010 858 2082 cardinalibus,
898 2009 1070 2067 fuisse
1110 2009 1341 2066 electum
1377 2021 1547 2080 opera
1586 2007 1799 2064 Ottonis
1838 2009 2011 2078 regis3
2053 2006 2193 2078 quod
2229 2007 2359 2063 mihi
2405 2011 2723 2067 vensi-ne

480 2113 591 2160 non
616 2101 842 2171 videtur,
868 2112 1046 2170 neque
1073 2100 1311 2170 apparet,
1353 2094 1603 2153 ottonem
1625 2098 1735 2165 jam
1765 2100 1873 2152 tum
1900 2094 2061 2153 rebus
2090 2095 2291 2151 italicis
2315 2098 2719 2156 intervenisse.

479 2188 565 2244 De
592 2187 948 2244 cardinalibus
977 2189 1138 2243 etiam
1161 2186 1432 2241 Romanae
1459 2183 1730 2242 ecclesiae
1756 2183 1966 2241 locutus
1993 2188 2080 2241 est
2104 2188 2258 2240 autor
2283 2183 2381 2240 ille
2409 2185 2485 2242 ad
2517 2193 2714 2258 poste-

480 2278 677 2334 riorum
715 2276 956 2346 formam,
994 2286 1171 2343 neque
1211 2274 1353 2329 enim
1395 2275 1522 2329 tuuc
1561 2271 1795 2343 collegio
1826 2285 2013 2330 eorum
2037 2275 2306 2344 proprium
2342 2278 2464 2331 erat
2504 2277 2715 2348 eligere

479 2361 734 2434 'eligique-

619 2452 671 2509 ³.
726 2451 875 2521 lingo
904 2463 1001 2506 rex
1018 2448 1487 2520 Longobardorum
1513 2448 1619 2505 sibi
1646 2448 1880 2523 Bertam,
1900 2448 2104 2507 liudolfi
2127 2448 2479 2521 Gueltigenae
2501 2452 2713 2511 Trans-

475 2540 650 2613 jurani
675 2541 816 2610 regis
843 2540 1074 2610 viduam,
1100 2538 1209 2594 filio
1230 2537 1481 2595 Lothario
1509 2536 1673 2594 liliam
1699 2540 1819 2608 ejus
1842 2539 2183 2596 Adelheidem
2211 2540 2544 2597 destinabat.
2600 2543 2711 2600 Ta-

473 2629 585 2686 lem
612 2629 933 2686 matrimonii
960 2629 1373 2700 geminationem
1401 2628 1542 2700 apud
1561 2626 1795 2684 Graecos
1817 2626 1955 2685 haud
1984 2629 2313 2698 permissam,
2338 2626 2709 2700 Luitprandns

476 2717 750 2790 observat,
776 2718 919 2789 quod
937 2721 1186 2791 parentes
1213 2722 1269 2774 et
1287 2716 1443 2772 liberi
1472 2731 1570 2787 pro
1597 2731 1701 2772 una
1729 2730 1959 2787 persona
1985 2715 2322 2773 haberentur.
2393 2717 2574 2775 Filius
2594 2724 2707 2789 jan

473 2812 734 2878 vergente
773 2822 912 2865 anno
953 2807 1214 2877 superiori
1253 2807 1309 2862 in
1349 2805 1703 2876 Burgundioni
1738 2810 1974 2874 venerat,
2015 2810 2070 2861 et
2098 2810 2223 2861 tuuc
2250 2804 2433 2862 dotem
2461 2820 2707 2879 sponsae

476 2898 754 2952 coustituit
789 2910 859 2952 ex
892 2899 1055 2953 variis
1083 2893 1270 2952 ltaliae
1297 2894 1755 2966 possessionibus,
1795 2908 1929 2964 quas
1956 2896 2092 2951 inter
2118 2893 2385 2949 abbatiam
2417 2895 2489 2951 de
2518 2896 2704 2970 Sexto,

476 2985 633 3042 sitam
659 2987 717 3042 in
745 2988 998 3041 comitatu
1024 2983 1303 3055 Luccensi,
1331 2983 1595 3040 abbatiam
1633 2983 1687 3038 S.
1717 2982 1931 3039 Antonii
1959 2985 2014 3038 in
2043 2982 2290 3055 Senensi,
2317 2982 2373 3039 S.
2398 2982 2701 3042 salvatoris

472 3075 533 3131 in
572 3077 753 3130 monte
792 3073 1006 3128 Ainiato
1047 3074 1329 3128 comitatus
1371 3072 1642 3129 Dunensis
1689 3072 1742 3126 ei
1782 3072 2035 3140 assignat.
2122 3070 2315 3127 Actum
2340 3073 2534 3141 pridie
2564 3075 2701 3131 Idus

470 3160 779 3217 Decembris
814 3161 875 3213 in
900 3160 1250 3231 Bur-„onnam
1271 3165 1442 3224 curte,
1475 3174 1614 3233 quae
1642 3159 1985 3216 Cotumbanis
2011 3161 2223 3225 dicitur,
2250 3175 2303 3216 a.
2330 3161 2398 3216 D.
2419 3162 2553 3234 938,
2580 3163 2699 3219 H·-

467 3250 629 3320 5om‘s
653 3249 798 3319 regis
823 3248 910 3316 12,
949 3252 1002 3303 et
1023 3246 1126 3317 fitia·
1150 3252 1269 3317 ejus
1295 3248 1546 3315 Lethon-ii
1573 3251 1621 3322 7,
1659 3249 1949 3304 indictione
1977 3250 2060 3304 11.
2089 3263 2227 3320 quae
2253 3253 2569 3320 computata
2594 3255 2693 3324 est,

470 3336 626 3408 quasi
664 3335 721 3391 in
761 3332 920 3391 tinem
960 3338 1085 3393 anni
1126 3340 1501 3409 porrigeretur,
1540 3337 1648 3393 nisi
1687 3339 1885 3393 rectius
1924 3338 2253 3393 emendatur.
2323 3336 2567 3396 Tabulas
2586 3344 2695 3411 jan

469 3423 693 3494 sigonio
711 3427 1030 3480 memoratas
1049 3423 1333 3482 bullarium
1351 3425 1654 3483 casinense
1673 3425 1942 3495 expressit
1960 3437 2029 3480 ex
2045 3428 2371 3482 monasterio
2392 3426 2691 3486 salvatoris
2800 3465 2801 3470 κ

467 3513 734 3585 Papiensi,
782 3514 837 3567 in
879 3511 1021 3583 qnod
1060 3512 1260 3568 deinde
1300 3513 1563 3586 pleraque
1599 3513 1913 3570 Adelheidis
1939 3516 2126 3584 regina
2155 3512 2424 3570 fundatrix
2452 3517 2686 3574 contum.
2800 3525 2801 3586 ι

467 3601 588 3659 Hoc
627 3616 767 3659 anno
803 3601 954 3672 llugo
996 3601 1117 3671 ipse
1154 3603 1212 3658 in
1251 3601 1609 3671 Burgundiam
1643 3604 1794 3658 veuit
1832 3608 2088 3672 provecta
2116 3605 2229 3672 jam
2269 3608 2485 3660 aestate
2522 3606 2610 3662 vel
2631 3609 2681 3662 in

466 3696 738 3763 autumno,
765 3689 906 3761 quod
924 3702 993 3747 ex
1009 3687 1308 3747 Frodoardo
1328 3690 1544 3762 colligo,
1573 3693 1666 3761 qui
1692 3689 1895 3762 scribit,
1922 3705 2104 3761 regem
2123 3689 2331 3748 Galliae
2348 3690 2675 3764 Ludoviesn,

466 3793 590 3836 eum
629 3779 685 3836 in
709 3779 967 3836 Alsatiam
1000 3778 1258 3850 venisset,
1299 3779 1534 3836 locutum
1561 3795 1681 3836 cum
1708 3779 1933 3849 lingone
1961 3777 2254 3852 cisalpino,
2294 3782 2387 3851 qai
2415 3797 2529 3839 non
2552 3782 2676 3839 aliu

466 3880 594 3924 esse
620 3870 830 3938 potest3
868 3871 972 3925 etsi
1000 3870 1142 3925 enim
1170 3873 1315 3924 trans
1341 3868 1510 3938 Alpes
1538 3869 1593 3924 in
1619 3868 1776 3924 ltalia
1801 3873 2067 3939 regnaret,
2096 3873 2210 3925 erat
2234 3871 2416 3926 tamen
2446 3877 2595 3926 ortus
2618 3885 2681 3927 ex

465 3953 774 4027 cisalpinis,
802 3954 988 4026 ibique
1013 3961 1224 4027 potens.
1295 3956 1444 4013 Tunc
1471 3970 1597 4026 ergo
1625 3956 1834 4013 Bertam
1862 3955 2152 4014 abduxisse
2177 3963 2376 4028 putem,
2404 3963 2465 4014 et
2489 3960 2682 4015 Trans-
2798 3975 2799 3984 2

457 4047 684 4116 juranos
726 4047 870 4099 artes
912 4049 1031 4115 ejus
1069 4047 1271 4101 veritos
1318 4044 1619 4102 Conradum
1657 4059 1896 4117 puerum,
1930 4059 2112 4115 regem
2142 4059 2310 4118 suum,
2340 4046 2405 4103 ad
2437 4046 2678 4105 ottone-

462 4135 521 4191 in
548 4131 881 4189 Germaniam
922 4135 1075 4204 quasi
1117 4137 1172 4191 in
1211 4139 1382 4212 tutum
1422 4133 1728 4191 deduxisse.
1799 4133 1880 4189 Ex
1918 4133 2002 4190 his
2044 4133 2329 4190 maroziam
2366 4137 2479 4203 jam
2513 4134 2678 4192 fuisse
2796 4167 2797 4170 =

462 4220 768 4282 defunctam
796 4220 1077 4292 concludo,
1103 4235 1225 4278 nam
1254 4223 1503 4293 conjugio
1534 4225 1652 4293 ejus
1677 4223 1905 4293 potitum
1933 4222 2226 4294 Hugonem,
2254 4225 2360 4280 etsi
2387 4223 2537 4280 brevi
2565 4240 2674 4296 usn,

389 4371 398 4384 ‚
463 4326 533 4370 ex
572 4307 936 4383 superioribus
962 4309 1260 4367 verisimile
1299 4325 1521 4369 censeo.
1594 4310 1887 4384 nugonem,
1926 4315 2135 4368 mortuo
2177 4311 2423 4384 liudolfo,
2462 4314 2517 4369 in
2542 4312 2671 4368 Bur-

461 4402 708 4473 gundiam
735 4400 971 4472 venisse,
1006 4401 1064 4455 et
1090 4396 1200 4454 tilio
1229 4397 1409 4472 tiliam,
1438 4401 1538 4458 sed
1564 4400 1775 4458 viduam
1803 4400 2038 4459 defuncti
2065 4399 2171 4458 sibi
2196 4403 2458 4473 junxisse,
2496 4401 2667 4458 scribit
