2817 4959
250 476 462 548 LOER

479 307 612 377 &0
1058 305 2115 376 ANNALESIMPERM

1050 482 1203 553 Gens,
1229 484 1447 537 trebnica
1472 481 1602 554 Deo,
1624 483 1829 553 gaudet
1848 484 1910 539 in
1936 498 2139 540 omen·

1035 570 1312 625 Ecclesiae
1331 571 1589 641 populum
1615 572 1814 628 meere
1831 573 2063 644 serrum.

473 661 702 718 secutus
745 663 832 718 est
870 660 926 715 iu
967 673 1035 716 ea
1058 658 1136 732 lre
1175 671 1375 716 morem
1406 658 1728 717 Graecorum
1765 660 1910 717 illius
1940 663 2062 719 aevi
2088 663 2584 736 sequentiumque3
2625 669 2709 736 qai

475 755 675 821 contra,
717 761 854 819 quos
892 761 995 804 nos
1035 748 1234 805 Tarcas
1274 749 1623 821 appellamus,
1668 747 1860 805 Persas
1901 753 2110 808 vocant.
2184 751 2252 807 Et
2294 757 2452 809 certe
2488 754 2711 822 Tar-cae,

512 843 737 910 ccupata
759 839 908 909 prius
944 837 1175 909 Perside,
1217 838 1344 893 inde
1378 839 1433 894 in
1462 837 1668 908 Syriam
1695 844 1753 894 et
1785 837 1967 895 Asiam
1997 840 2255 896 minoren
2283 840 2710 899 descenderunt

475 855 674 985 qni-cas
715 932 891 983 autem
920 924 1109 982 Graeci
1147 925 1414 983 vocabant
1454 941 1641 984 omnes
1680 925 1908 997 Scythas
1949 927 2251 1000 ulteriores,
2294 932 2391 1000 qni
2423 930 2712 987 sarmatici

477 1020 594 1075 sive
623 1016 892 1071 slavonici
918 1015 1129 1084 generis
1155 1028 1265 1071 non
1306 1021 1488 1072 erant:
1534 1017 1876 1087 nungarique
1917 1031 1987 1073 ex
2030 1016 2280 1086 Scythiae
2323 1017 2610 1090 profundo
2648 1021 2710 1076 ad

472 1106 665 1162 Istrum
691 1105 977 1175 progressi,
1005 1106 1117 1159 tota
1143 1103 1325 1172 lingua
1350 1118 1383 1159 a
1407 1103 1715 1160 Slavonicis
1742 1102 1990 1174 gentibus
2018 1104 2231 1161 distant.
2281 1106 2354 1162 At
2373 1105 2708 1164 witikindus

475 1198 531 1251 et
554 1195 817 1250 Ditmarus
846 1193 1072 1249 Avarum
1102 1191 1518 1263 appellationem
1545 1193 1806 1263 Hnngaris
1835 1193 2083 1264 tribuunt,
2111 1198 2325 1250 retento
2353 1198 2709 1266 praeceden-

474 1285 605 1341 tiam
630 1282 980 1338 habitatorum
1008 1280 1314 1339 Pannoniae
1339 1284 1586 1352 nomine;
1625 1281 1717 1353 qui
1747 1282 1871 1337 olim
1899 1284 2099 1338 nostris
2128 1280 2512 1340 formidabiles
2536 1283 2711 1342 habe—

473 1372 678 1442 bantur,
708 1371 880 1432 donec
907 1384 937 1425 a
966 1368 1160 1425 Carolo
1183 1369 1252 1425 Μ.
1281 1371 1467 1426 domiti
1494 1374 1663 1428 mere.
1735 1373 1938 1427 Avares
1966 1372 2177 1441 quidem
2207 1383 2275 1426 ex
2303 1372 2523 1430 Hunnis
2552 1379 2709 1431 vete-
2784 1365 2785 1370 ’

470 1460 639 1531 ribus,
677 1461 946 1516 slavonici
988 1460 1200 1527 generis
1243 1456 1415 1517 fuere.
1487 1458 1618 1515 Nam
1646 1459 1913 1516 Pannonia
1950 1473 2060 1516 non
2086 1463 2286 1515 tantum
2316 1460 2385 1516 ab
2417 1462 2707 1533 nungaris,

472 1549 571 1606 sed
598 1552 758 1605 etiam
785 1548 853 1605 ab
882 1550 1112 1604 Avarum
1141 1547 1374 1617 posteris
1415 1546 1697 1620 habitatur,
1738 1547 1933 1618 quibus
1959 1562 2070 1605 non
2097 1548 2204 1605 alia
2231 1548 2515 1621 hodieque
2546 1567 2704 1622 qua-
2786 1579 2787 1586 κ

471 1637 755 1695 slavonica
778 1639 960 1707 lingua
987 1637 1198 1708 propria
1227 1640 1327 1692 est.
2786 1657 2787 1660 ¹

608 1726 698 1782 2⁵.
768 1726 1068 1796 Antequam
1095 1724 1218 1781 hinc
1246 1723 1452 1798 abeam,
1482 1725 1818 1782 dissimulare
1845 1739 1954 1782 non
1981 1728 2209 1797 oportet,
2251 1726 2523 1796 quosdam
2554 1729 2705 1785 Hen-

470 1816 569 1871 rici
591 1816 868 1871 victoriam
894 1814 951 1870 in
972 1814 1349 1870 Brunsvicensi
1376 1815 1597 1884 regione
1636 1815 1952 1870 collocasse.
1991 1812 2270 1870 Conradus
2290 1814 2470 1871 Bothe
2494 1816 2703 1873 Brunc-

470 1905 707 1961 vicensis
734 1906 791 1960 in
819 1902 1067 1959 chronico
1099 1904 1361 1975 picturato
1399 1904 1681 1972 ilungaros
1707 1902 1822 1958 vult
1850 1902 2166 1960 consedisse
2206 1915 2378 1974 prope
2422 1903 2705 1963 schenin-

467 2007 607 2066 μυ,
634 1992 885 2064 oppidum
912 1997 1103 2064 postea
1128 1995 1219 2063 (at
1246 1990 1393 2046 addit
1418 1992 1572 2061 ipse)
1610 1992 1667 2046 in
1706 1995 1782 2047 rei
1824 1994 2132 2047 memoriam
2170 1991 2285 2048 illic
2319 1997 2613 2066 structum,
2654 1999 2705 2051 et

469 2096 539 2140 ex
567 2095 628 2139 re
654 2080 995 2152 appellatum.
1066 2080 1174 2136 sed
1202 2094 1272 2135 ex
1298 2078 1479 2135 Caroli
1504 2080 1574 2135 Μ.
1603 2082 1773 2153 gestis
1802 2083 2029 2150 constat,
2069 2079 2389 2150 scaningam
2426 2084 2549 2148 jam
2580 2087 2705 2139 tenc
2790 2139 2791 2158 χ

467 2176 648 2228 notam
689 2168 876 2225 fnisse.
948 2167 1112 2225 Poeta
1152 2168 1329 2238 etlam,
1370 2170 1460 2238 qui
1498 2181 1589 2223 res
1619 2166 2121 2225 Gaudeshemenses
2158 2170 2397 2226 carmine
2425 2169 2703 2227 Saxonlco
2790 2221 2791 2234 ,

467 2263 594 2315 ante
619 2262 890 2314 trecentos
911 2255 1210 2327 etamplius
1229 2270 1400 2312 annos
1424 2255 1736 2326 complexus
1758 2262 1858 2328 est,
1886 2259 1990 2313 etsi
2011 2256 2346 2327 schoniegae
2364 2261 2703 2316 mentionem
2790 2251 2791 2274 ¹

467 2357 576 2404 nou
603 2345 783 2416 faciat,
810 2346 1170 2413 Huegarorum
1189 2347 1366 2400 umen
1386 2346 1581 2400 stativa
1600 2343 1666 2398 ad
1685 2343 1889 2400 Elatum
1916 2344 2121 2415 sylvam
2144 2345 2306 2418 locat,
2335 2349 2424 2402 cni
2444 2347 2705 2417 adjaceat

467 2433 882 2492 flelmestadium
908 2436 966 2488 et
990 2431 1308 2501 Scboninga.
1369 2432 1652 2488 Henricum
1682 2438 1858 2490 auten
1887 2433 1955 2489 ad
1984 2432 2245 2490 ovacrum
2272 2434 2491 2506 flumen,
2530 2438 2591 2493 id
2619 2443 2703 2493 est

467 2526 611 2582 circa
639 2523 982 2592 Bru-svigni
1001 2521 1088 2577 vel
1108 2518 1487 2594 Weliebytum,
1514 2522 1847 2595 consedisse,
1873 2522 2069 2595 subdit,
2096 2522 2403 2582 etnebulae
2420 2523 2699 2582 beneflcio

465 2613 711 2670 hostibus
737 2613 1064 2683 inopinatum
1091 2610 1377 2679 ingruisse.

607 2702 695 2760 26.
767 2700 875 2759 Sed
902 2702 949 2757 si
979 2699 1103 2772 quid
1125 2698 1327 2771 judico,
1367 2697 1505 2755 haec
1531 2710 1649 2755 cum
1678 2698 1997 2770 Frodoardo,
2032 2699 2336 2774 wimundo,
2364 2700 2698 2775 Luitprando

468 2792 768 2849 consistere
794 2805 901 2847 non
928 2792 1170 2862 possunt.
1240 2787 1279 2846 12
1283 2788 1574 2845 rodoardus
1601 2787 1861 2860 praelium
1902 2803 2069 2861 prope
2098 2789 2313 2845 fluvium
2339 2794 2695 2847 commissum

468 2881 669 2952 scribit,
698 2881 789 2953 qui
814 2878 929 2935 illic
956 2878 1133 2934 nullus
1153 2883 1444 2948 comparet.
1498 2877 1566 2933 Et
1583 2878 1873 2935 secundun
1890 2877 2236 2935 witikindum
2262 2877 2396 2933 illud
2416 2881 2694 2952 oppidu,

465 2971 523 3027 iu
542 2985 649 3042 quo
674 2967 948 3025 habitabat
963 2965 1121 3023 Wido
1140 2965 1452 3039 Thuringus,
1481 2966 1623 3038 quod
1649 2968 1879 3036 ilungari
1906 2965 2188 3035 obsedere,
2217 2972 2332 3024 erat
2360 2971 2420 3025 in
2440 2969 2694 3025 orientali

467 3061 703 3129 regione,
745 3071 902 3127 quam
941 3055 1151 3110 scilicet
1188 3053 1351 3111 hodie
1389 3056 1673 3112 saxoniam
1715 3058 2045 3128 superiorem
2082 3067 2353 3112 vocamus.
2440 3055 2692 3129 Denique

469 3145 817 3216 Luitprandus
846 3146 1047 3201 diserte
1074 3142 1275 3215 scribit,
1313 3149 1602 3214 pugnatum
1644 3158 1769 3203 esse
1808 3157 1978 3216 prope
2015 3144 2403 3216 Mersburgum,
2445 3148 2594 3217 quod
2623 3145 2688 3202 ad

466 3233 644 3291 Salam
690 3233 1007 3300 thuringiae
1049 3232 1208 3288 situm
1249 3235 1351 3290 est.
1435 3234 1623 3304 Neque
1668 3232 1817 3289 illum
1862 3236 1968 3290 etsi
2010 3234 2354 3305 longinquum
2402 3233 2563 3306 locis,
2603 3234 2685 3289 hic

467 3335 707 3395 spernas,
746 3335 868 3377 nam
896 3334 1034 3390 quae
1062 3321 1130 3378 de
1155 3322 1371 3378 Hearici
1413 3322 1574 3379 rebus
1610 3321 1787 3395 babet,
1828 3321 1967 3378 haud
1996 3321 2155 3379 dubie
2181 3325 2239 3379 in
2266 3320 2487 3379 ottonis
2515 3323 2685 3394 Magni

469 3414 588 3481 ejus
615 3409 711 3466 filii
739 3409 864 3466 aula
891 3409 1053 3466 i'ando
1080 3413 1305 3483 accepit,
1346 3411 1533 3481 itaque
1568 3413 1627 3467 in
1653 3426 1855 3467 summa
1887 3425 2065 3468 rerum
2099 3411 2256 3468 iidem
2282 3417 2547 3476 meretur,
2586 3411 2685 3469 etsi

467 3513 536 3559 ea
559 3515 670 3559 non
693 3514 813 3557 raro
840 3499 1144 3571 detorserit,
1187 3511 1327 3570 quae
1366 3502 1538 3555 minus
1577 3499 1861 3556 manifesta
1888 3503 1981 3557 aut
2007 3499 2165 3557 obvia
2194 3504 2364 3557 erant.
2441 3500 2683 3573 Denique

467 3592 796 3662 prudentiae,
838 3589 1198 3662 apparatibus,
1238 3588 1530 3645 fortitudini
1569 3587 1803 3659 denique
1826 3591 1970 3659 regis
1998 3589 2135 3645 haud
2164 3589 2433 3661 convenit,
2471 3588 2680 3645 hoste·

466 3683 523 3737 in
560 3682 773 3736 viscera
811 3679 1076 3736 saxoniae
1117 3679 1429 3750 patriasque
1471 3682 1644 3734 terras
1687 3679 1808 3733 sine
1854 3680 2143 3734 certamine
2184 3677 2493 3734 admisisse.
2580 3675 2676 3734 Sat

468 3767 665 3825 Ottone
684 3769 727 3824 1.
752 3767 916 3825 rebus
940 3770 998 3825 in
1023 3768 1301 3824 Germania
1327 3766 1568 3838 turbatis,
1596 3767 1829 3836 nungari
1855 3766 1923 3822 ad
1949 3766 2147 3823 Bodan
2174 3780 2349 3837 usque
2374 3772 2437 3823 et
2463 3768 2610 3823 ultra
2628 3767 2677 3820 ia

467 3856 565 3913 has
591 3859 841 3925 regiones
880 3863 1253 3928 penetravere.
1322 3854 1401 3911 Eo
1437 3858 1709 3926 pertinere
1734 3861 1974 3926 possent,
2010 3868 2149 3925 quae
2176 3856 2245 3912 de
2273 3858 2472 3912 castris
2500 3867 2680 3912 eoru

468 3943 536 4001 ad
555 3942 764 4001 mmm
791 3950 1162 4005 memoranter.
1215 3943 1331 4008 Qua
1357 3944 1428 4001 de
1452 3958 1514 4001 re
1542 3944 1748 4001 dicetur
1770 3944 1836 4000 ad
1859 3959 1906 4000 a.
1922 3946 1984 3999 1).
2001 3943 2121 4001 938.
2169 3943 2391 4015 Addam,
2416 3958 2533 4000 non
2562 3954 2683 4000 esse

469 4033 824 4105 spernendam
866 4031 1250 4106 chronographi
1278 4032 1506 4089 Saxonis
1542 4034 1935 4090 testimoninm:
1980 4033 2260 4106 Hem-icus,
2296 4035 2489 4104 inquit,
2527 4033 2682 4089 ma·-

462 4137 638 4195 9eros
671 4125 734 4178 in
771 4123 1008 4180 savir-bia
1049 4126 1133 4195 [id
1159 4127 1247 4181 est
1273 4125 1328 4179 ln
1354 4120 1673 4178 soraborum
1717 4121 1938 4192 linibus]
1978 4122 2149 4176 mnus
2175 4123 2341 4177 coede
2358 4124 2678 4192 prostrans,

467 4212 763 4283 multosque
805 4225 877 4266 etr:
927 4213 1036 4267 iltis
1085 4211 1499 4282 comprehendit.
1584 4209 1755 4266 Etiam
1801 4209 2133 4266 Hermanuue
2178 4207 2500 4267 Contractus
2545 4209 2681 4264 hane

468 4300 744 4356 victoriam
770 4301 827 4356 in
853 4297 1171 4355 soraborum
1199 4302 1470 4369 provincia
1498 4298 1743 4355 collocat.
1803 4297 1972 4356 Autor
1997 4298 2231 4355 chronici
2255 4299 2460 4355 veteris
2489 4298 2675 4353 ducam

470 4387 950 4457 Brunsvicensium,
977 4388 1117 4457 quod
1143 4391 1287 4442 tomo
1317 4387 1381 4443 11.
1410 4390 1723 4459 scriptorum
1745 4389 2046 4445 nostrorum
2081 4390 2336 4446 insertum
2364 4392 2469 4459 est,
2502 4386 2673 4442 locun

471 4475 662 4544 praelii
685 4472 1085 4544 Wagerslevan
1112 4477 1289 4546 vocat,
1321 4476 1419 4531 sed
1447 4475 1537 4532 vel
1562 4478 1840 4533 victoriam
1868 4492 1987 4534 cum
2013 4491 2214 4549 nupera
2241 4476 2455 4533 Slavica
2486 4474 2669 4531 contu-
