2817 4959
649 311 1188 385 ANNALES
1257 315 1720 389 intranti
2158 324 2282 394 ssi

10 489 78 550 n
123 491 295 549 serii
339 490 503 549 auam
540 499 836 549 coaeum
885 494 1219 550 tornationes
1259 493 1589 553 difflantur.
1664 494 1748 552 ita
1782 495 1927 568 apud
1965 496 2288 572 caugiacum
2314 500 2383 573 Δ
2398 498 2536 569 124.

13 581 350 642 Galbertus
377 582 434 639 iu
461 580 572 637 vita
599 580 780 637 Caroli
806 583 1015 638 comitis
1040 582 1508 656 Flandriae,1pra
1533 583 1665 641 urbe
1690 584 1934 658 obsessa,
1962 586 2135 645 factas
2162 603 2290 649 esse

15 674 396 730 tornationes
437 683 700 740 acresque
739 670 965 726 militiae
1002 672 1090 743 (id
1130 677 1218 728 est
1258 675 1529 744 equitum)
1569 688 1878 731 concursus.
1939 674 2023 732 Ad
2050 680 2191 736 seria
2219 693 2289 738 aa

13 762 199 820 ludos
234 762 492 831 referam,
518 759 748 829 ambigo,
778 759 918 830 quod
939 758 1063 816 Otto
1085 759 1444 830 Frisingeasis
1460 762 1637 835 babet,
1662 777 1792 832 rege
1810 763 2059 821 Lotbario
2076 767 2290 826 Saxone

22 850 346 922 Herbipcli
386 848 657 919 haerente,
698 849 864 905 duces
892 848 1217 907 Fridericum
1245 856 1303 908 et
1329 851 1631 908 conradum
1672 852 1739 908 ad
1776 865 1954 909 muros
1983 859 2287 918 accessisse

25 953 158 997 cun
193 940 343 1010 suis,
369 943 426 995 et
454 952 572 994 cum
600 937 856 994 militibus
886 940 1004 1006 ejus
1032 940 1348 1011 tirocinium,
1375 940 1518 1010 quod
1544 953 1687 997 nunc
1714 944 2119 1001 taniameutum
2149 945 2291 1002 dici·-

21 1033 133 1100 tur,
182 1029 532 1084 exercuisse.
605 1028 789 1083 videri
828 1029 1004 1097 possit
1050 1029 1337 1125 episcopus
1381 1028 1574 1085 Guieto
1620 1030 1968 1102 praelusisse,
2013 1036 2104 1103 qui
2147 1035 2289 1105 apud

23 1119 360 1187 menagium
402 1117 458 1173 in
495 1117 852 1186 etymologici»
892 1113 1061 1187 opere'
1097 1130 1206 1173 aoa
1234 1116 1549 1188 probantem
1578 1123 1755 1175 tamen
1782 1125 2116 1178 inritamenta
2142 1123 2292 1182 duxit

25 1221 62 1263 a
89 1205 471 1276 tirociuaado,
501 1216 639 1276 quae
664 1219 773 1260 vox
798 1207 856 1261 ia
882 1205 1082 1276 glossis
1111 1205 1303 1262 Isidori
1328 1208 1611 1279 reperitur.

186 1296 587 1352 1⁵..1itvero
629 1295 732 1348 etsi
773 1293 943 1349 flexus
973 1298 1030 1349 ei
1055 1297 1170 1364 gyri
1209 1309 1404 1352 nonen
1447 1296 1707 1366 dederint,
1750 1297 2064 1355 crediderim
2091 1305 2288 1374 tamen,

25 1397 244 1441 novum
277 1381 480 1454 aliquid
525 1385 845 1453 accessisse,
888 1397 993 1452 quo
1021 1387 1355 1440 tornamentu
1395 1387 1696 1454 posteriora
1734 1398 1767 1440 a
1803 1383 1943 1443 ludis
1969 1389 2286 1446 militaribus

28 1478 296 1530 veterum
326 1472 747 1541 distinguantur:
792 1484 970 1542 neque
1005 1472 1061 1528 id
1092 1475 1149 1527 in
1175 1473 1296 1529 solo
1322 1477 1582 1543 apparatu
1622 1472 1940 1545 legibusque
1970 1479 2284 1550 consistere,

29 1563 137 1620 sed
167 1564 233 1619 in
260 1562 370 1617 boc
395 1563 748 1632 potissimum,
789 1561 932 1631 quod
971 1574 1076 1617 nec
1114 1561 1255 1633 apud
1295 1560 1601 1632 historicos,
1640 1578 1746 1619 nec
1772 1565 1911 1633 apud
1938 1570 2130 1634 poetas
2158 1567 2284 1623 oliai

32 1651 449 1722 frequentatum
479 1649 855 1720 animadverto,
897 1652 956 1704 ut
980 1650 1063 1703 vir
1087 1651 1257 1704 virum
1296 1649 1452 1706 basta
1491 1651 1709 1723 legeret,
1749 1655 1809 1708 et
1841 1654 1963 1724 ipso
1992 1668 2285 1712 concursus

30 1742 254 1811 impetu
305 1739 526 1795 lanceas
579 1738 948 1810 experirentur
1007 1737 1147 1793 alter
1194 1740 1250 1792 iu
1300 1738 1524 1794 alterius
1573 1744 1759 1805 scuto;
1828 1743 1937 1797 etsi
1992 1745 2285 1812 anticipent

30 1828 384 1885 fabulatores
425 1828 772 1900 posteriores,
815 1830 872 1881 et
897 1825 1082 1881 Arturo
1123 1825 1392 1881 Britcnum
1433 1828 1564 1897 regi,
1607 1832 1698 1882 aut
1724 1827 2057 1885 Theoderico
2088 1829 2284 1887 Ostre-

34 1918 226 1990 gotho,
271 1920 366 1973 aut
394 1916 586 1972 Carolo
616 1914 808 1984 Magno
836 1913 1136 1971 Saracenos
1177 1916 1475 1987 impetenti,
1519 1917 1859 1987 caeterisque
1897 1916 2153 1976 heroibus
2180 1923 2283 1976 tri-

33 2003 210 2063 buunt
238 2006 383 2062 tales
403 2005 699 2073 conflictus,
729 2017 865 2074 quos
894 2007 1070 2058 tamen
1095 2004 1274 2073 poetis
1294 2003 1480 2059 seculo
1500 2002 1696 2059 Christi
1713 2005 1996 2062 undecimo
2010 2008 2280 2076 prioribus

37 2100 337 2168 usurpatos
377 2107 485 2149 uon
528 2091 904 2149 animadverto.
971 2091 1103 2146 Nam
1147 2090 1385 2147 Achilles
1428 2092 1567 2162 apud
1608 2092 1906 2165 Homerum,
1945 2098 2037 2150 aut
2062 2095 2279 2154 Aeneas

38 2184 182 2257 apud
212 2183 513 2253 Virgilium,
540 2179 836 2237 missilibus
862 2181 1033 2236 hastis
1061 2183 1227 2250 (quas
1254 2179 1415 2237 bodie
1442 2180 1717 2237 Sarmatae
1744 2183 2046 2253 retinuere]
2075 2197 2280 2243 summa

39 2276 93 2329 vi
135 2274 359 2329 intortis
404 2270 592 2325 hostes
637 2270 846 2325 eminus
892 2267 1289 2324 confodiebat.
1360 2269 1535 2326 Etiam
1578 2270 1800 2327 Romani
1843 2277 1899 2328 et
1938 2270 2096 2328 Gothi
2137 2275 2277 2346 apud

39 2363 361 2432 Procopium
390 2356 734 2420 Gothicorum
758 2361 945 2427 quarto
982 2361 1040 2413 et
1081 2358 1223 2428 apud
1250 2357 1527 2426 Agatbiam
1564 2358 1703 2416 libro
1746 2362 1984 2418 secundo
2012 2361 2308 2437 docebant¹

41 2450 269 2507 militem
291 2462 485 2518 equum
507 2450 563 2502 in
584 2445 767 2502 orbem
786 2458 963 2517 agere,
989 2447 1154 2503 telum
1174 2450 1400 2518 mittere,
1430 2452 1651 2505 missum
1680 2452 1908 2506 exterra
1934 2450 2276 2522 recolligere.

41 2538 156 2595 Nec
183 2551 315 2594 sese
342 2536 527 2592 hostes
565 2535 754 2605 basiis,
794 2535 901 2589 nisi
930 2536 1238 2608 missilibus,
1277 2538 1540 2607 impetunt
1565 2540 1622 2594 in
1648 2537 1854 2608 praelio
1882 2540 2191 2609 Berengarii
2219 2545 2276 2596 et

43 2626 307 2696 widonis,
350 2625 493 2696 quod
531 2627 695 2695 poeta
721 2626 1093 2693 panegyr-istos
1134 2625 1202 2680 ad
1229 2631 1472 2682 veterum
1499 2640 1701 2682 morem
1732 2625 1898 2681 linxit.
1968 2627 2036 2682 Et
2063 2628 2271 2684 inludo

49 2714 344 2786 uoluminis
385 2714 522 2786 apud
563 2712 855 2782 Virgilium,
908 2714 1036 2768 duni
1071 2715 1181 2769 ecia
1214 2713 1408 2784 lemni
1446 2728 1762 2786 puyuaeque
1796 2715 1940 2769 cient
1973 2715 2274 2770 simulacra

49 2805 140 2859 aab
180 2805 369 2874 armis,
412 2816 520 2858 non
563 2806 884 2857 concurrunt
929 2801 1135 2857 lanceis
1180 2814 1337 2857 manu
1382 2802 1627 2856 cominus
1671 2793 1934 2872 impactis,
1981 2801 2078 2857 sed
2124 2805 2273 2858 lenta

52 2893 260 2948 lacertis
315 2892 526 2960 spicula
576 2892 946 2961 comos-quent.
1026 2890 1095 2945 Et
1137 2893 1192 2945 iu
1237 2889 1357 2961 boc,
1411 2893 1568 2960 quasi
1612 2890 1957 2948 emissionem
2002 2891 2270 2948 mutamus

52 2980 260 3037 hastilia
311 2978 617 3050 crispabant
682 2984 915 3049 juvenes
971 2975 1292 3034 Wermatiao
1345 2977 1506 3034 ludes
1561 2981 1842 3048 equestres
1896 2978 2269 3051 spectantibus

54 3066 314 3126 Ladevico
333 3067 647 3125 Germaniae
675 3081 802 3136 rege
830 3071 886 3122 et
912 3064 1106 3123 Caroio
1131 3064 1336 3123 Galliae
1366 3065 1618 3122 iratribus
1646 3066 1897 3132 edentes3
1935 3066 2077 3137 qnod
2105 3070 2269 3126 etiam

55 3155 316 3216 iacieunt
346 3155 601 3213 Saraceni
643 3156 782 3226 apud
814 3154 1132 3225 Cordubam,
1173 3169 1292 3210 cum
1329 3154 1601 3212 lohannes
1638 3153 1948 3213 Gorzienais
1988 3157 2129 3229 apud
2166 3169 2268 3215 ees

51 3243 258 3303 ottonis
274 3243 342 3300 ni.
357 3244 679 3315 legationen
710 3243 913 3316 obiret;
942 3251 996 3301 et
1016 3244 1245 3301 similem
1265 3242 1438 3300 faisse
1462 3242 1690 3299 arbitror
1708 3245 2098 3319 ἱπποδρομκὴν
2110 3249 2267 3320 ἔριδα

53 3331 319 3391 Uicbaelis
351 3337 576 3405 augusti,
607 3331 900 3405 'l'bcopbilc
927 3336 1055 3403 uati,
1083 3347 1240 3405 quam
1269 3343 1338 3388 ex
1360 3332 1582 3390 Genesii
1605 3333 1839 3390 nondum
1869 3334 1998 3390 editi
2026 3337 2266 3406 σαίρω·-

53 3426 122 3480 ris
161 3423 433 3493 Byzantini
475 3422 689 3494 Lipsiae
736 3425 967 3480 extentis
1012 3428 1197 3495 quarto
1240 3428 1523 3495 βασιλειῶν
1562 3421 1744 3478 retulit
1784 3421 2127 3494 Selinuntius,
2171 3424 2264 3482 vei

55 3513 298 3582 Strurius,
341 3510 544 3567 erudita
573 3513 950 3568 dissertatione
979 3512 1047 3568 de
1076 3511 1417 3583 equestribus
1445 3513 1605 3581 ludis,
1637 3510 1729 3567 abi
1759 3517 1814 3567 et
1842 3524 1995 3566 curn
2022 3515 2080 3566 et
2105 3523 2267 3567 cursu

60 3599 357 3658 certabatur.
425 3599 557 3657 Nam
598 3600 740 3672 quod
783 3603 984 3657 tirones
1027 3605 1186 3657 conto
1228 3600 1631 3671 exercebantur,
1687 3604 2074 3669 coatcpaectae
2115 3599 2263 3670 dicti,

56 3692 231 3759 partim
256 3689 323 3744 ad
352 3690 546 3744 saltum
575 3704 695 3746 cum
723 3694 885 3745 conto
921 3692 1153 3759 (nostris
1186 3690 1604 3761 „springstock“,
1642 3691 1917 3758 usurpato,
1954 3684 2050 3741 ubi
2076 3685 2262 3744 fossae

60 3778 397 3851 frequentes),
440 3781 627 3847 partim
670 3778 735 3834 ad
771 3780 975 3846 jactum
1016 3792 1115 3835 seu
1156 3778 1383 3834 missilia
1424 3777 1741 3850 pertinebat.
1802 3774 1961 3831 Palus
1989 3775 2162 3831 autin
2190 3785 2260 3833 ee

58 3867 205 3939 figura
230 3865 522 3938 petebatur.

185 3955 261 4012 16.
331 3953 589 4026 Equidem
630 3956 858 4024 legimus
897 3955 1182 4026 aliquando
1222 3959 1279 4012 in
1306 3954 1514 4026 praelio
1541 3956 1922 4010 concurrentes
1960 3952 2131 4010 basiis
2156 3965 2257 4025 per

58 4043 255 4114 clypeos
277 4044 628 4099 transadactis
646 4045 886 4116 perisse:
915 4057 1092 4115 neque
1110 4045 1163 4099 id
1183 4043 1313 4100 lethi
1334 4057 1503 4113 genus
1519 4041 1794 4100 veteribus
1812 4042 2009 4100 deesse
2026 4047 2255 4114 peterat.

56 4132 200 4187 Bruto
224 4135 388 4204 primo
415 4132 769 4188 Romanorum
799 4133 1008 4189 consuli
1046 4138 1103 4190 et
1135 4134 1339 4204 Aructi,
1379 4132 1522 4203 pulsi
1560 4132 1706 4200 regis
1734 4130 1863 4204 filio,
1897 4132 1953 4186 id
1981 4133 2257 4203 muno,

56 4218 217 4275 uvius
241 4220 484 4292 prodidit.
533 4222 708 4277 Aruns
735 4223 791 4278 in
819 4222 1035 4278 Brutum
1061 4227 1409 4293 conspectum
1440 4223 1672 4276 concitat
1700 4219 1999 4277 calcaribus
2028 4234 2253 4291 equum

58 4311 209 4365 sensit
242 4309 295 4365 in
324 4321 384 4365 se
419 4310 483 4364 iri
512 4309 720 4382 Brutus,
762 4322 930 4382 seque
971 4311 1127 4367 avide
1168 4311 1446 4366 certamini
1487 4309 1706 4366 obtulit:
1749 4310 1873 4366 dum
1910 4309 2069 4365 ambo
2109 4308 2255 4365 boati

57 4412 229 4455 nocere
255 4397 483 4466 student,
524 4403 717 4453 neuter
743 4402 827 4454 sui
855 4400 1170 4471 protegendi
1197 4411 1399 4453 memor
1426 4403 1527 4468 est,
1565 4397 1830 4454 contrario
1858 4400 1968 4452 ictu
1994 4408 2092 4467 per
2119 4410 2248 4467 par-

58 4500 175 4543 uam
210 4489 428 4556 uterque
470 4486 769 4558 transfixus,
813 4487 1023 4546 duabus
1060 4486 1405 4545 haerentibus
1449 4486 1617 4546 basiis
1657 4486 1956 4544 moribundi
1996 4497 2064 4543 ex
2102 4498 2247 4556 equo
