2817 4959
635 283 1171 355 ANNALES
1239 285 1700 358 IMPERII
2154 291 2281 361 593

79 467 231 528 gnem
259 453 522 529 accendit,
548 457 790 516 sturione
813 453 970 532 nisce
996 460 1240 533 praebito
1265 461 1608 533 languentem
1635 461 1856 522 reiecit:
1896 464 2006 522 tun
2030 463 2280 525 navicula
2301 463 2371 536 A.
2394 462 2533 535 951.

79 552 412 603 ransvectam
439 548 496 602 in
523 544 675 616 sylva
700 547 842 605 lacui
871 551 1119 618 contigua
1142 550 1408 623 deposuit.
1462 550 1583 607 illic
1609 563 1708 621 per
1734 554 2083 625 septimanam
2111 553 2285 628 latuit,

79 634 268 691 andem
296 633 667 705 presbyterum
694 637 760 691 ad
786 636 1106 694 Adalardum
1135 641 1448 710 episcopum
1476 639 1800 709 Regiensem
1825 641 2000 714 mittit,
2047 626 2201 713 cnjus
2228 644 2289 702 in

79 721 158 779 ide
186 736 341 795 spem
369 725 660 794 repositam
687 724 936 783 babebat.
1007 726 1323 799 Meleteas,
1357 728 1443 783 cni
1471 743 1566 784 arx
1581 729 1728 785 satis
1754 730 1956 786 munita
1981 744 2091 787 non
2119 734 2288 804 esset,

80 810 423 881 ›resbyterum
464 811 533 868 ad
573 812 818 869 Attonem
860 815 1125 888 comitem,
1166 814 1386 872 militem
1425 816 1521 887 (id
1552 821 1638 873 est
1661 816 1966 890 vasallum)
2005 830 2175 890 suuni,
2201 819 2287 896 lxo

79 899 218 971 ubet,
246 902 340 970 qui
360 898 655 957 Canossam
682 903 739 957 in
764 916 899 973 rupe
925 904 1209 960 inaccessa
1237 906 1393 961 sitam
1413 907 1631 975 egregie
1650 907 1927 962 munierat.
1980 904 2096 962 Nec
2121 920 2287 980 mora,

79 991 174 1044 itto
192 1001 498 1044 conscenso
520 1002 659 1059 equo
681 1004 800 1045 cum
824 991 937 1046 suis
961 991 1028 1047 ad
1056 994 1295 1062 reginam
1322 998 1590 1065 properat,
1610 1007 1837 1065 eamque
1862 993 1918 1048 in
1939 1005 2116 1049 arcem
2134 1007 2287 1052 suam

79 1079 215 1134 lucit.
288 1075 400 1132 Leo
431 1075 700 1134 Ostiensis
726 1077 977 1135 Aitonem
1017 1082 1239 1150 reginae
1277 1082 1629 1154 propinquum
1665 1082 1824 1154 facit3
1866 1081 1965 1138 sed
1991 1080 2061 1140 de
2089 1082 2288 1140 Attene

79 1169 283 1238 tjusque
312 1163 514 1221 familia
541 1180 666 1222 mox
692 1157 944 1236 professo
973 1168 1150 1225 studio
1179 1181 1417 1239 agemus.

190 1256 245 1312 3.
308 1253 503 1311 Lacum
531 1252 772 1310 Donnizo
802 1254 868 1310 ad
894 1255 1160 1313 Mantuam
1189 1269 1394 1328 ponere
1416 1256 1651 1314 videtur:

412 1343 582 1417 Usque
608 1343 788 1399 lacum
811 1346 1046 1417 emant,
1074 1360 1228 1418 quen
1250 1349 1438 1402 servat
1462 1345 1695 1402 Mantua
1720 1337 1913 1403 ὑὲυιιιιι.

79 1431 159 1490 led
201 1433 327 1503 quia
369 1423 532 1501 aegre
575 1431 721 1487 credi
762 1437 958 1504 potest,
999 1447 1106 1489 una
1145 1437 1305 1491 nocte
1348 1437 1548 1490 tantum
1589 1434 1798 1490 itineris
1829 1447 2133 1504 emensam
2184 1449 2286 1506 ego

79 1535 271 1578 mosum
311 1534 440 1577 esse
481 1518 724 1591 arbitror,
762 1534 883 1576 eum
927 1534 1054 1578 esse
1093 1521 1284 1592 lacum,
1325 1521 1471 1578 unde
1505 1520 1733 1580 effluens
1761 1521 1990 1579 Mincius
2019 1526 2190 1581 amnis
2217 1523 2287 1581 ad

79 1610 237 1666 urbem
264 1608 531 1665 Mantuam
560 1611 711 1664 vivas
741 1622 909 1680 aquas
936 1607 1170 1665 advebit.
1244 1608 1511 1666 Benacum
1539 1612 1712 1682 ipsum
1740 1612 1967 1685 scilicet,
1996 1626 2154 1684 quem
2178 1626 2289 1686 ope

79 1699 336 1754 viscatoris
375 1698 657 1765 traiecisse
684 1697 894 1755 videtur
919 1695 1253 1752 Adelbeidis.
1324 1698 1564 1755 Roswita
1601 1703 1795 1772 narrat,
1835 1701 2073 1770 reginam
2102 1701 2287 1757 comiti
2331 1759 2352 1770 ‚

79 1788 260 1844 :uidam
291 1784 604 1842 servandam
634 1785 826 1856 datam,
867 1800 988 1842 cum
1017 1784 1161 1841 facto
1189 1787 1336 1841 exitu
1375 1773 1692 1858 aufugisset.
1738 1790 1900 1844 noctu
1926 1792 2287 1859 processisse,

79 1878 303 1946 [uantum
330 1876 475 1930 vires
503 1872 722 1946 ferrent,
761 1874 849 1931 die
886 1887 1031 1931 nunc
1058 1874 1114 1930 in
1141 1872 1325 1950 sylvis,
1368 1890 1512 1931 nunc
1551 1875 1692 1932 inter
1716 1874 1969 1934 frumenti
1997 1878 2193 1935 aristas
2223 1890 2288 1934 se

79 1965 378 2034 undidisse,
441 1968 495 2018 et
537 1965 862 2033 quaerentes
902 1966 1253 2033 segetemque
1296 1964 1520 2033 perticis
1560 1963 1650 2021 vel
1694 1964 1903 2022 lanceis
1947 1968 2287 2026 excutientes

79 2061 228 2110 men
271 2052 512 2107 latuisse.
585 2050 692 2108 Sed
737 2054 885 2121 prior
929 2051 1162 2106 narratio
1209 2050 1520 2107 credibilior
1564 2052 1792 2124 videtur,
1837 2054 1895 2109 et
1932 2057 2044 2122 ja·
2089 2054 2287 2122 dudum

79 2142 244 2198 neseis
286 2140 651 2211 praeterierat,
699 2153 819 2195 cum
859 2138 957 2196 illa
997 2139 1147 2211 fugit.
1218 2139 1461 2198 Roswita
1496 2138 1750 2197 Attonem
1789 2141 2071 2213 ignoravit,
2113 2142 2285 2202 solius
2391 2211 2402 2218 .

79 2228 316 2287 uaosulis
345 2228 596 2285 Adalardi
622 2229 879 2285 meminit.

188 2318 238 2372 4.
310 2317 370 2373 In
411 2317 536 2374 albo
579 2315 720 2373 bene
761 2318 1066 2373 meritorum
1106 2315 1382 2374 ecclesiae
1421 2317 1867 2389 metropolitanae
1894 2317 1948 2375 S.
1971 2315 2117 2374 Petri
2144 2315 2287 2389 apud

79 2404 313 2479 vrevin-os,
339 2405 476 2463 baec
503 2406 785 2462 Browerus
811 2407 1048 2479 reperit:
1121 2407 1207 2462 12.
1234 2404 1461 2462 Kalmd.
1488 2406 1632 2475 Haji
1665 2410 1829 2477 capta
1869 2411 1947 2463 eet
1982 2407 2288 2464 Ademeidia

79 2497 374 2569 κραναὰ-ἑτι
414 2495 592 2551 cimus
618 2510 656 2550 α
681 2493 1021 2565 Berenqario
1045 2506 1187 2561 reqe.
1278 2493 1363 2549 13.
1407 2493 1633 2550 Kalend.
1676 2496 2000 2564 septennem
2038 2495 2289 2551 uberavit

79 2582 312 2640 >omme
338 2582 676 2639 Adellm‘dm
702 2584 950 2653 refluant
977 2597 1015 2637 α
1038 2581 1285 2637 vinculis.
1355 2579 1509 2640 Unde
1542 2582 1625 2638 rei
1650 2588 1844 2653 gestae
1881 2587 2092 2654 tempus
2120 2580 2287 2639 intel·-

79 2674 241 2744 igitur.
314 2671 398 2728 12.
425 2670 539 2727 Kal.
570 2674 778 2742 captam
805 2666 987 2726 Cumis
1027 2667 1191 2725 babet
1219 2668 1381 2724 etiam
1408 2667 1691 2741 Ditmarus,
1734 2673 1795 2726 ut
1829 2683 1864 2724 a
1890 2682 1977 2725 me
2004 2670 2286 2727 restitutus

80 2768 147 2819 st.
202 2761 378 2817 Potuit
403 2760 600 2830 Papiae
617 2760 816 2829 vexari,
846 2756 1026 2814 Cumis
1053 2759 1111 2813 in
1129 2754 1346 2812 vincula
1363 2759 1578 2829 conjici,
1607 2758 1735 2814 inde
1762 2756 1830 2812 ad
1851 2754 2077 2814 Gardam
2105 2769 2286 2816 arcem

79 2848 353 2908 mnsferri:
406 2851 590 2919 itaque
626 2847 761 2905 nibil
815 2846 903 2903 bie
940 2849 1203 2917 repugnat
1242 2844 1417 2901 dictis.
1500 2845 1572 2902 At
1610 2844 2010 2903 Novalieiensis
2051 2845 2283 2916 scriptor

80 2941 405 2997 arrationem
445 2952 544 2994 sua
583 2936 963 2994 maledicentia
996 2933 1199 2991 foedat.
1289 2932 1557 2991 clericum
1586 2934 1850 3004 quendam
1879 2933 2151 2989 Warinum
2177 2947 2285 2990 no-

79 3031 190 3085 iine
228 3029 287 3084 in
326 3028 564 3097 reginam
603 3026 862 3082 latentem
897 3023 1157 3080 incidisse
1183 3026 1240 3080 et
1267 3026 1533 3079 amantem
1572 3025 1771 3094 egisse,
1811 3036 1844 3079 a
1870 3023 2056 3092 regina
2098 3024 2279 3083 tamen

79 3117 315 3188 epulsam
343 3129 578 3189 passum,
618 3114 946 3185 pedissequa
986 3111 1289 3168 substituta.
1361 3110 1628 3168 clericum
1656 3126 1691 3168 a
1717 3112 1794 3167 cri
1807 3113 1952 3168 mine
1979 3112 2124 3167 omni
2151 3110 2286 3168 abe-

79 3206 291 3276 inuisse‚
319 3209 378 3260 et
396 3203 591 3262 deinde
609 3204 828 3273 reginae
857 3200 1043 3257 favore
1070 3202 1138 3257 ad
1164 3200 1522 3257 Mutinensem
1553 3203 1923 3273 episcopatum
1949 3201 2285 3272 pervenisse.

83 3294 153 3349 ed
180 3293 431 3350 warinus
459 3292 776 3348 Mutinensis
807 3291 1097 3361 episcopus
1135 3289 1345 3345 demum
1383 3288 1562 3346 factus
1587 3303 1634 3344 a.
1654 3288 1718 3344 D.
1741 3289 1896 3362 1003,
1936 3289 2148 3360 quando
2169 3292 2285 3358 jam

81 3382 255 3437 bierat
296 3380 626 3451 Adelbeidis‚
670 3382 726 3436 et
752 3381 802 3434 si
828 3379 971 3435 idem
1009 3377 1136 3434 buic
1176 3376 1333 3449 foret,
1376 3376 1684 3447 decrepitus
1714 3376 1922 3434 demum
1949 3391 2120 3434 senex
2146 3376 2286 3434 banc

79 3455 357 3538 lignitatem
386 3469 725 3526 obtinuisset.
793 3466 1148 3526 Adelbeidem
1183 3464 1519 3537 pulchritudo
1548 3479 1647 3523 sua
1672 3471 1729 3524 et
1755 3465 1968 3523 fortuna
1993 3464 2284 3535 singularis

79 3556 245 3614 abulis
275 3564 331 3615 et
358 3557 639 3614 calumniis
669 3554 954 3612 obnoxiam
984 3553 1130 3613 fecit.

185 3650 236 3704 5.
312 3646 677 3716 Bereugarius,
702 3643 982 3701 intellecta
1006 3644 1227 3712 reginae
1256 3640 1380 3712 fuga
1407 3642 1643 3714 locoque
1665 3654 1937 3712 secessus,
1968 3653 2088 3696 cun
2109 3641 2284 3712 copiis

79 3730 336 3792 :ariusium
378 3734 612 3806 advolat,
649 3735 886 3802 reginam
923 3731 1028 3788 sibi
1055 3731 1181 3789 dedi
1204 3730 1389 3803 jubet3
1433 3733 1685 3789 Attonem
1724 3733 2009 3798 negantem
2052 3727 2285 3788 obsidet.

79 3819 289 3881 lonnizo
317 3822 600 3894 fabulatur,
630 3821 895 3892 Attonem,
923 3825 1145 3891 recepta
1171 3822 1371 3892 regina,
1398 3819 1696 3878 Jobannem
1715 3832 1906 3890 papam
1926 3817 2284 3892 consuluisse,

79 3914 203 3980 nujus
244 3926 413 3969 suasu
454 3924 573 3967 eam
602 3910 785 3968 ottoni
810 3910 1058 3969 Veronae
1093 3911 1273 3978 agenti
1299 3909 1605 3965 adduxisse.
1676 3907 1809 3963 'rum
1837 3906 2049 3964 demum
2075 3906 2286 3967 Beren-

79 4002 247 4060 {nriun
288 3999 645 4070 intellexisse,
684 4014 794 4070 quo
834 3998 958 4054 loco
987 4001 1138 4055 esset
1165 3996 1498 4068 Adelbeidis,
1544 3999 1601 4053 et
1627 3996 1875 4053 Attonem
1917 3995 2090 4054 tribus
2125 3997 2285 4055 anais

80 4103 167 4146 um
195 4089 417 4146 dimfflo
446 4089 782 4156 obsessisse;
824 4092 952 4145 tunc
979 4084 1229 4143 Ottonem
1270 4087 1325 4141 in
1352 4084 1558 4141 ltaliam
1585 4083 1786 4141 auxilio
1812 4075 2047 4154 ⁸venisse,
2076 4083 2284 4142 Beren-

80 4181 249 4236 arium
277 4180 493 4249 captum
519 4176 827 4234 abduxisse.
898 4176 1035 4230 Huic
1073 4175 1415 4231 successisse
1438 4158 1623 4229 'tilium
1663 4171 2025 4242 Adelbertum,
2066 4169 2135 4228 ab
2176 4171 2282 4228 boc

79 4271 238 4325 terum
265 4266 428 4336 longo
456 4272 699 4336 tempore
726 4264 1012 4320 obsessum
1026 4262 1295 4334 Attonem,
1322 4273 1355 4318 a
1374 4260 1605 4318 Ludoli‘o
1626 4261 1841 4320 ottonis
1860 4261 1971 4318 filio
1999 4262 2054 4315 in
2073 4259 2284 4318 ltaliam

79 4358 213 4414 misso
260 4355 563 4424 liberatum,
609 4354 705 4411 sed
749 4351 1030 4410 Ludoli'um
1074 4352 1133 4408 in
1175 4349 1381 4422 praelio
1424 4350 1492 4407 ab
1534 4350 1829 4408 Adelberto
1871 4351 2125 4419 occisum,
2170 4352 2284 4405 tum

79 4439 398 4504 idelnertum
427 4442 665 4514 iugatum
690 4443 960 4504 exulasse.
1031 4441 1183 4506 Quae
1210 4440 1467 4512 pleraque
1497 4443 1674 4498 omnia
1711 4440 1898 4509 inepta
1937 4441 2077 4500 suut.
2149 4434 2283 4493 Cum

151 4560 418 4601 extans
445 4560 676 4596 nrum
702 4558 827 4596 τοι.
855 4545 919 4594 11.
1772 4547 1859 4614 38
