2817 4959
536 276 665 340 556
750 364 760 379 ι
1102 266 1638 335 ANNALES
1711 264 2176 331 inPERn

283 445 501 517 ΑΛΒ,
532 461 663 505 sens
700 445 936 503 maxime
966 442 1183 516 profuit
1253 442 1363 498 Sed
1405 447 1468 497 et
1499 443 1554 496 in
1595 443 1850 510 mnino,
1891 439 2042 510 qnod
2070 437 2370 510 pmfin-
2401 440 2744 497 estffitesb

531 536 736 595 cudo:

1025 622 1395 677 Occidentem
1419 621 1590 689 aedat,
1617 621 1908 691 Duriusque
1928 620 2163 689 [σασα.

531 713 908 771 occidentales
950 718 1074 767 sunt
1112 710 1491 767 Letharienses
1532 714 1588 763 et
1627 707 1784 765 Galli.
1846 709 1912 762 Et
1941 712 2052 763 tum
2087 722 2160 762 ex
2193 706 2282 760 liis
2317 705 2479 776 loeiS,
2511 714 2618 762 tu·
2653 709 2750 761 ἡ

529 817 743 874 quoque
773 801 1110 857 manifestum
1142 804 1241 869 est,
1280 811 1460 867 neque
1487 797 1797 866 witikindo,
1843 811 2022 866 neque
2049 796 2290 850 uit-aro
2314 800 2530 865 justam
2567 796 2760 851 Oti-22

526 892 803 947 historiam
845 895 1030 947 texere
1065 890 1406 943 constitutum
1437 885 1624 941 fuisse.
1697 885 1799 940 llle
1823 885 2017 939 scribit
2042 886 2096 938 iu
2126 887 2523 954 panegyristae
2551 887 2766 940 modu

525 980 668 1038 baud
709 982 841 1034 satis
882 985 1176 1047 temporum
1217 974 1528 1044 observans,
1571 974 1661 1029 hic
1699 988 1872 1044 pauca
1912 976 2240 1044 perstringit.
2317 973 2670 1028 Frodoardas
2695 989 2792 1041 rus¹

528 1068 871 1125 Germanicas
900 1066 1036 1121 haud
1065 1064 1345 1119 admodum
1373 1066 1540 1129 curat,
1567 1064 1673 1117 nisi
1699 1062 1790 1115 ubi
1820 1061 2142 1117 Gallicarum
2169 1064 2426 1117 interest.
2501 1063 2698 1131 ltaque
2719 1064 2792 1141 dri

527 1156 731 1213 Danico
756 1158 913 1211 etiam
933 1154 1145 1209 Henrici
1173 1154 1317 1220 regis
1344 1151 1493 1206 bello
1522 1149 1685 1205 altum
1713 1153 1818 1219 ipsi
1845 1150 2148 1215 silentium
2177 1165 2364 1219 neque
2397 1153 2698 1220 quicqua-
2721 1152 2792 1204 ἀί

530 1245 820 1301 Tancmaro
864 1242 1027 1299 habet
1081 1247 1174 1297 aut
1213 1242 1281 1296 de
1320 1241 1592 1295 Bavaricis
1635 1238 1846 1295 Otto-is
1881 1239 2061 1295 rebus,
2135 1239 2599 1294 continuatorem
2627 1239 2778 1307 Rem}-

526 1336 685 1390 nonis
713 1336 767 1387 in
797 1331 1128 1387 Lothariensi
1158 1343 1322 1398 regno
1352 1328 1689 1398 scribentem,
1704 1328 1962 1399 Prumiae,
1991 1330 2199 1397 opinor,
2227 1333 2328 1381 aut
2353 1329 2504 1397 apud
2535 1328 2597 1382 S.
2616 1329 2792 1383 hiari—¹

526 1422 743 1488 minum,
762 1419 924 1475 multa
942 1421 1229 1474 remotiora
1250 1416 1514 1486 sugerunt.
1584 1417 1759 1472 Etiam
1776 1418 1924 1487 prius
1943 1418 2000 1472 in
2018 1415 2202 1471 Dauos
2223 1415 2443 1472 bellum
2464 1416 2538 1472 ab
2559 1417 2776 1473 neusin

531 1508 743 1567 ottonis
772 1512 922 1579 patre
948 1512 1156 1575 gestum
1185 1506 1478 1577 praeteriit.

667 1599 720 1650 t.
792 1598 1015 1652 Asseria
1050 1598 1162 1664 jam
1193 1594 1405 1650 Ottonis
1448 1595 1792 1667 expeditione
1831 1594 2051 1665 Danica,
2090 1595 2162 1652 de
2203 1609 2355 1651 anno
2395 1598 2659 1663 quaestio
2687 1602 2776 1650 est

526 1682 610 1741 Ab
633 1684 830 1741 Ottone
851 1683 1147 1740 cnutonem
1168 1683 1371 1739 Danum
1391 1698 1423 1738 a
1442 1689 1595 1755 patre
1613 1687 1827 1755 victum,
1857 1684 2053 1740 deinde
2075 1686 2269 1739 iterum
2297 1684 2450 1739 fines
2492 1685 2774 1739 turbante·

527 1786 857 1845 repressum,
875 1773 1103 1829 diximus
1131 1773 1196 1828 ad
1227 1788 1275 1828 a.
1303 1772 1365 1828 D.
1388 1772 1510 1828 941.
1566 1773 1673 1828 Sed
1703 1785 1961 1844 praeseus
1991 1771 2188 1829 bellum
2219 1787 2350 1827 cum
2375 1773 2629 1827 Haraldo
2646 1772 2777 1827 Cn-

527 1864 673 1919 tonis
713 1875 1033 1919 successore
1076 1866 1284 1931 gestum
1321 1867 1424 1918 est.
1496 1861 1745 1918 Anterius
1776 1874 1901 1917 esse
1930 1860 2094 1917 debet
2120 1865 2295 1916 morte
2325 1860 2581 1938 Agapeti
2609 1875 2772 1932 papae.

528 1952 621 2023 qui
652 1950 927 2020 Adaldago
954 1948 1431 2019 flammahurgensi
1471 1936 1881 2020 archiepiscopo
1923 1949 1990 2005 de
2019 1949 2202 2005 salute
2223 1952 2488 2018 gentium
2524 1954 2648 2019 ejus
2674 1964 2772 2004 ne-

529 2040 728 2110 tropoli
768 2053 961 2096 recens
1003 2039 1331 2096 subditarum
1372 2039 1774 2108 congratulatus
1808 2042 1895 2094 est
1935 2037 2076 2108 apud
2117 2038 2385 2094 Adamum
2419 2039 2769 2095 Brome-sn.

528 2130 803 2200 Agapetus
830 2110 1009 2183 autem
1037 2142 1176 2198 papa
1202 2126 1376 2183 sactus
1402 2134 1488 2184 est
1514 2144 1564 2184 a.
1583 2127 1643 2183 D.
1663 2125 1785 2183 946.
1857 2126 2143 2197 Expeditio
2172 2139 2328 2198 ergo,
2358 2127 2437 2182 de
2470 2144 2590 2199 qua
2615 2130 2768 2198 agiu

529 2218 621 2271 vix
664 2221 790 2272 aute
834 2230 881 2271 a.
910 2215 974 2270 D.
1005 2216 1123 2273 945.
1171 2223 1424 2285 suscepta
1471 2229 1600 2273 esse
1647 2219 1836 2286 potuit,
1881 2222 1937 2271 et
1977 2214 2181 2285 synodo
2223 2215 2659 2285 ingelhemensi
2693 2216 2770 2269 ht

529 2308 740 2361 aestate
782 2301 1051 2361 celebrata
1091 2306 1328 2359 anterior
1368 2304 1505 2360 haud
1544 2303 1704 2359 dubie
1734 2304 1850 2374 suit,
1893 2305 2018 2374 quia
2046 2305 2287 2373 episcopi
2319 2305 2380 2360 in
2407 2304 2610 2361 Dania
2633 2306 2768 2360 cr&

530 2390 748 2462 affuere,
775 2395 836 2447 ut
865 2405 989 2445 mox
1015 2391 1396 2459 intelligemus.
1470 2393 1664 2462 Itaque
1685 2407 1797 2448 rem
1825 2394 1968 2449 intra
1992 2392 2094 2447 hoc
2119 2395 2416 2448 triennium
2455 2395 2766 2450 conclusa
2791 2464 2792 2467 Ἴ

528 2485 770 2552 apparet.
841 2478 1141 2549 Scriptores
1168 2482 1275 2536 mei
1301 2480 1544 2536 Saxones
1574 2479 1685 2535 hini
1704 2483 1975 2551 anonymi,
2002 2495 2222 2551 quorum
2248 2495 2420 2538 unum
2457 2482 2766 2538 discr-iniat
2791 2470 2792 2553 1

528 2583 695 2626 causa
730 2568 1066 2640 annalistam,
1105 2567 1330 2624 alterum
1359 2568 1815 2641 chronographum
1843 2568 2077 2641 appello,
2103 2568 2216 2641 ille,
2242 2572 2298 2626 ni
2329 2571 2529 2643 fallor,
2562 2564 2792 2626 Balbe?

534 2657 822 2729 stadensis,
849 2657 936 2713 hic
954 2657 1445 2730 magdeburgensis,
1469 2672 1582 2714 rem
1610 2660 1667 2714 in
1694 2673 1742 2714 a.
1761 2658 1822 2714 D.
1842 2658 1962 2715 952.
1988 2658 2240 2716 retulere.
2311 2657 2430 2714 Sed
2453 2659 2576 2716 hoc
2597 2644 2792 2716 heum

534 2760 708 2803 annus
748 2746 845 2803 ille
884 2762 990 2802 non
1033 2749 1189 2820 capit,
1230 2761 1352 2803 nam
1385 2761 1554 2805 veruo
1584 2752 1827 2817 tempore
1854 2759 1951 2802 rex
1987 2746 2055 2801 ab
2084 2746 2240 2802 ltalia
2264 2746 2454 2817 rediit,
2503 2753 2772 2817 conjuge·

482 2818 495 2835 ’
534 2835 881 2894 Adelheidem
900 2838 954 2893 in
974 2835 1258 2892 saxoniam
1277 2835 1440 2909 duxit,
1468 2837 1620 2891 initio
1648 2836 1872 2891 aestatis
1898 2833 1975 2890 ibi
2001 2839 2235 2891 moratus
2263 2839 2368 2908 est,
2397 2842 2462 2891 et
2494 2837 2772 2907 diplomati

536 2926 700 2997 dedit,
739 2926 1113 2994 Berengarium
1150 2939 1273 2980 mox
1312 2926 1381 2981 ad
1421 2939 1484 2982 se
1518 2925 1823 2981 venientem
1859 2926 2118 2996 suscepit,
2160 2937 2391 2995 eumque
2420 2926 2488 2980 in
2521 2931 2774 2982 conventi

535 3005 818 3085 proceru‘m
843 3014 1082 3082 Augusto
1103 3028 1291 3070 mense
1311 3014 1452 3086 apud
1477 3015 1768 3082 Augustam
1791 3011 1974 3068 habito
2001 3011 2250 3069 absolvit.
2321 3013 2390 3068 A.
2418 3013 2492 3070 D.
2523 3014 2640 3070 949
2671 3014 2770 3070 ott·

536 3101 737 3174 pascha
775 3103 1094 3170 Aquisgraui
1136 3100 1446 3174 celebravit,
1486 3104 1724 3171 Augusto
1752 3113 1966 3171 quoque
1993 3115 2181 3159 mense
2207 3102 2364 3173 -apud
2392 3100 2772 3159 Letharienses

535 3190 663 3258 egit,
700 3188 805 3242 950
831 3187 1095 3244 Bohemos
1125 3189 1352 3260 subegit,
1398 3190 1518 3246 951.
1561 3192 1617 3245 iu
1659 3189 1865 3245 Italiam
1908 3189 2148 3258 tetendit,
2195 3189 2313 3244 952.
2356 3204 2632 3248 reversus
2673 3205 2771 3246 cu

535 3276 857 3344 Berengario
907 3279 997 3346 (ut
1026 3277 1166 3347 dixi)
1206 3281 1330 3349 egit,
1372 3278 1722 3350 sequentibus
1762 3278 1917 3334 annis
1953 3292 1985 3334 a
2014 3277 2125 3332 filio
2164 3281 2220 3333 et
2253 3291 2460 3348 genero
2510 3282 2768 3337 exa-cau

539 3367 639 3421 est.
715 3366 942 3435 Agapeti
981 3366 1169 3422 ultimo
1197 3367 1474 3436 ilungaros
1504 3369 1648 3425 vicit.

677 3454 728 3511 5.
800 3454 1020 3509 Accedit
1048 3461 1406 3522 argumentum
1435 3458 1657 3525 ingens:
1701 3456 1836 3511 terni
1871 3469 2060 3513 omnes
2097 3458 2359 3528 episcopi,
2391 3471 2541 3527 quos
2571 3457 2704 3515 Otto
2725 3460 2766 3511 ia

536 3542 741 3601 Danlae
770 3557 945 3599 marca
971 3546 1279 3599 nominasse
1309 3543 1575 3614 scribitur,
1609 3556 1752 3600 nunc
1777 3545 2086 3613 ingelhemii
2123 3548 2180 3601 in
2215 3544 2372 3613 hujus
2411 3550 2548 3601 anni
2577 3544 2764 3617 synod·

537 3647 658 3690 cum
685 3631 959 3703 Adaldago
996 3646 1095 3688 suo
1124 3632 1536 3701 metropolitano
1574 3648 1936 3704 comparuere.
2006 3634 2196 3704 ltaque
2223 3648 2312 3689 res
2339 3632 2548 3689 differri
2578 3635 2760 3705 nequit

538 3722 647 3779 Sed
666 3735 735 3778 ne
754 3726 877 3778 ante
897 3736 1088 3778 aunum
1106 3720 1226 3776 944.
1244 3724 1624 3794 regrediamur,
1647 3724 1871 3794 Agapeti
1891 3736 2064 3793 papae
2085 3722 2370 3791 gratulatio
2393 3722 2550 3779 lacit.
2615 3723 2758 3779 Pom

538 3822 590 3863 a.
611 3808 670 3862 D.
692 3809 795 3864 944
814 3811 940 3867 Otto
957 3812 1277 3881 Aquisgraui
1306 3818 1360 3867 et
1386 3810 1524 3866 haud
1555 3813 1739 3883 procul
1761 3811 1932 3868 Gallia
1960 3816 2218 3867 aestatem
2246 3812 2409 3866 trivit.
2478 3810 2554 3866 A.
2575 3811 2640 3867 D.
2660 3811 2758 3868 9³⁵

538 3899 810 3953 venationi
852 3898 1013 3956 dabat
1052 3914 1284 3972 operam,
1325 3900 1534 3970 quando
1581 3902 1862 3969 captivitas
1899 3898 2154 3955 Ludovici
2196 3901 2340 3968 regis
2380 3900 2634 3954 nuntiata
2676 3902 2758 3956 cst

539 3982 660 4041 ets.
682 3998 921 4052 magnam
941 3989 993 4042 in
1016 3987 1216 4045 Gallias
1245 3989 1637 4060 expeditionem
1666 3990 1923 4061 suscepit.
1992 3962 2122 4043 947.
2143 3990 2282 4059 apud
2301 3987 2700 4043 Letharienses
2720 3990 2758 4041 et

539 4070 724 4127 Gallos
750 4079 992 4128 versatus
1022 4080 1121 4132 est.
1195 4077 1382 4147 Itaque
1408 4091 1550 4132 nunc
1578 4076 1788 4132 demum
1818 4092 1936 4133 cum
1967 4076 2226 4132 Haraldus
2256 4092 2287 4132 a
2318 4076 2485 4132 Denis
2512 4083 2756 4148 recept&

536 4161 697 4231 paulo
714 4166 840 4217 ante
854 4161 1268 4222 Sleswicensem
1288 4180 1518 4222 marcam
1536 4167 1883 4249 pervasisset,
1902 4166 2075 4235 potuit
2094 4166 2323 4222 ducere
2306 4180 2362 4220 iu
2382 4164 2524 4220 hunc
2543 4165 2751 4222 hosta
2791 4222 2792 4225 ,

537 4249 679 4319 Ergo
709 4252 763 4305 in
791 4249 894 4305 hoc
918 4265 1059 4307 anuo
1088 4256 1573 4324 conquiescendum
1603 4257 1704 4323 est,
1732 4267 1890 4323 quem
1916 4255 2155 4309 nominat
2175 4253 2428 4310 Albertus
2451 4252 2634 4310 abbas
2651 4255 2752 4309 Sta·
2791 4290 2792 4301 η

539 4338 743 4410 deusiS,
784 4344 840 4395 et
876 4341 1072 4397 certior
1098 4346 1252 4398 autor
1277 4344 1532 4412 magister
1556 4342 1789 4399 Adamas
1817 4341 1948 4397 facit
1975 4340 2348 4398 duodecimum
2373 4340 2750 4413 archiepiscopi
2791 4340 2792 4359 ³

539 4426 815 4503 Adaldagi,
839 4428 895 4485 id
922 4432 1007 4486 est
1032 4426 1174 4485 huuc
1200 4432 1389 4502 ipsum.
1461 4430 1572 4488 Sed
1598 4434 1937 4488 rem-mature
1963 4424 2170 4501 gestam
2197 4434 2429 4502 oporwt.
