2817 4959
471 274 599 341 396
1054 271 1587 337 ANNALES
1650 271 2109 337 IMPERII

217 449 446 522 ιη’,
463 451 585 519 ejus
612 461 720 503 non
747 448 919 518 potuit
941 446 1052 504 nisi
1078 446 1223 515 regis
1260 444 1577 502 Germaniae
1605 444 1870 504 beneficio
1899 450 2105 518 tenere,
2134 445 2230 502 sed
2254 450 2311 501 et
2336 442 2486 501 bunc
2509 446 2715 502 Trans-

462 541 686 608 juranae
713 537 948 604 regionis
968 535 1196 592 ilenrico
1215 535 1456 590 vicissim
1475 535 1795 607 obsequium
1813 533 2077 591 obtulisse
2097 534 2415 590 crediderim
2432 552 2446 604 ;
2478 537 2551 590 nt
2568 538 2715 591 totns

466 626 673 682 coleret
698 626 907 696 imperii
936 623 1235 680 Germanici
1264 625 1617 691 majestatem.
1680 624 1749 679 Et
1776 638 1900 680 mox
1924 624 2200 699 provincia
2228 622 2580 678 Arelatensis
2624 626 2713 679 vel

463 714 821 771 Bosonianum
848 727 1068 782 regnum
1099 710 1311 767 ottonis
1341 711 1408 767 Μ.
1440 714 1667 768 maxime
1697 727 1800 784 ope
1828 713 2080 782 accessit,
2121 712 2264 781 quod
2294 710 2540 766 Bosonis
2572 711 2714 768 filins

461 802 763 858 Ludovicus
790 805 915 872 (qui
945 801 1141 858 deinde
1170 800 1379 869 Orbus)
1405 800 1583 856 Caroli
1601 799 1868 857 Crassi·et
1886 800 2090 857 Arnulfi
2118 801 2409 855 autoritate
2436 805 2713 857 tenuerat

461 890 544 947 Ita
571 904 792 960 reguum
810 890 1175 963 Subalpinum‚
1203 905 1273 946 ex
1299 887 1580 945 Rodulfino
1600 889 1957 959 Transjurano
1986 893 2043 945 et
2059 888 2366 944 Bosoniano
2396 888 2551 944 infra
2576 890 2715 945 illud

457 983 678 1050 jacente
709 981 1081 1050 compositum,
1113 978 1435 1034 Arelatense
1475 980 1655 1033 vocari
1702 979 1912 1048 coepi&
1956 981 2013 1033 et
2058 976 2157 1031 sub
2204 974 2457 1032 Conrado
2508 977 2711 1050 Salico,

464 1072 701 1128 extincto
746 1070 931 1125 ultimo
976 1081 1105 1137 rege
1146 1066 1460 1137 Guelfigena
1501 1064 1748 1137 liudolfo,
1794 1067 1863 1122 ad
1906 1079 2100 1136 corpus
2144 1067 2357 1136 imperii
2396 1065 2711 1124 Germanici

461 1158 637 1230 rediit,
666 1157 1092 1214 consolidatione
1119 1169 1403 1228 supremas
1430 1161 1489 1212 et
1515 1155 1893 1212 subordinatas
1920 1155 2223 1225 potestatis.

604 1246 691 1303 16.
763 1246 823 1301 lu
866 1244 1040 1302 Gallia
1079 1245 1223 1302 Boso
1266 1243 1470 1300 Rodulfi
1520 1244 1685 1300 trater
1728 1246 1921 1301 iterum
1966 1256 2057 1299 res
2096 1242 2361 1299 turbabat.
2436 1244 2711 1302 flothildis

459 1334 661 1391 nobilis
689 1334 958 1391 foeminae
985 1347 1157 1404 nuper
1184 1336 1453 1389 extinctae
1482 1332 1682 1389 allodia
1717 1335 2003 1404 invaserat,
2048 1345 2113 1387 ea
2140 1331 2292 1401 nugo
2319 1332 2566 1404 quidam,
2611 1334 2711 1391 de-

462 1424 678 1480 functae
703 1433 883 1494 gener,
923 1422 1221 1494 repetebat.
1297 1422 1439 1476 Huic
1460 1421 1612 1490 Hugo
1640 1422 1860 1478 Boberti
1890 1420 2032 1477 filius
2075 1426 2129 1477 et
2154 1418 2471 1476 floribertus
2498 1424 2709 1479 auxilio

461 1514 698 1584 veniunt,
728 1516 957 1567 castrum
987 1511 1213 1567 Bosonis
1243 1510 1606 1566 Victoriacum
1635 1509 1826 1580 (bodie
1852 1510 2125 1579 vitry-nm)
2161 1509 2406 1578 capiunt:
2451 1512 2535 1566 ita
2564 1512 2707 1567 malo

460 1603 681 1656 coactus
720 1601 880 1671 Boso,
921 1599 1148 1656 induciis
1188 1600 1402 1654 interim
1448 1601 1637 1670 pactis,
1684 1599 1751 1653 ad
1792 1598 2079 1655 Henricum
2112 1611 2295 1666 regem
2339 1597 2709 1669 proficiscitur

460 1688 643 1759 ibique
671 1690 904 1760 quietem
945 1687 1289 1757 jurejurando
1330 1687 1634 1758 pollicetur.
1707 1686 1931 1744 Carolus
1968 1701 2073 1742 rex-
2104 1685 2318 1743 tandem
2344 1686 2625 1744 Perronae
2650 1692 2705 1746 in

460 1778 705 1836 custodia
744 1777 895 1850 obiit,
936 1776 1141 1849 morbo,
1183 1792 1256 1833 an
1291 1776 1626 1845 aegritudine
1661 1779 1851 1848 animi,
1875 1777 2154 1831 incertum.
2217 1775 2426 1831 Veneni
2457 1780 2704 1848 suspicio

458 1867 607 1924 nulla
637 1871 740 1938 est,
766 1880 890 1923 nam
918 1866 1188 1923 Her-iberti
1213 1867 1487 1936 intererat,
1514 1869 1582 1921 ut
1592 1879 1714 1921 eum
1735 1867 1824 1921 diu
1850 1867 1906 1920 in
1935 1866 2204 1936 potestate
2221 1862 2469 1920 baberet.
2504 1865 2703 1923 Postea

460 1959 642 2013 statim
669 1958 809 2012 inter
835 1956 1111 2028 nugonem
1142 1959 1196 2011 et
1224 1954 1561 2011 Heribertum
1588 1968 1763 2010 novae
1789 1955 1933 2010 lites
1980 1951 2420 2008 monasteriolum
2450 1955 2521 2010 ad
2552 1970 2700 2011 mare

461 2047 639 2116 situm,
680 2049 913 2101 castrum
949 2044 1190 2100 Herluini
1219 2043 1481 2113 Hilgando
1516 2045 1711 2098 comite
1742 2045 1874 2113 nati,
1913 2043 2004 2097 vix
2031 2040 2189 2096 ambo
2217 2039 2573 2115 obsederant,
2599 2043 2701 2100 bo-

461 2135 769 2203 minemqne
809 2132 874 2187 ad
915 2132 1136 2188 obsides
1165 2131 1371 2186 dandos
1401 2132 1783 2202 compulerant,
1817 2145 1936 2186 cum
1962 2143 2095 2187 ecce
2123 2129 2697 2203 Herluinusrflugonis

462 2220 722 2292 vasallus,
746 2219 813 2276 ab
841 2219 1124 2276 Heriberte
1150 2222 1423 2290 recipitur.
1471 2219 1603 2274 lude
1644 2234 1762 2275 cum
1801 2218 2025 2288 Hugone
2067 2220 2328 2274 simultas.
2378 2218 2696 2278 floribertus

454 2313 568 2378 jam
595 2323 629 2364 e
653 2308 899 2364 manibus
939 2309 1196 2365 amiserat·
1230 2306 1364 2361 iilud
1406 2308 1910 2379 terriculamentum,
1953 2321 2059 2379 que
2100 2307 2205 2364 sibi
2245 2308 2383 2365 alios
2426 2308 2699 2366 obnoxios

459 2395 639 2453 factos·
660 2394 900 2466 putabat.

604 2485 685 2540 1⁷.
761 2482 988 2540 Carolus
1015 2482 1150 2540 obiit
1178 2486 1229 2540 7.
1257 2484 1346 2541 die
1375 2483 1869 2557 Octoh.,.sepu1tus·
1899 2488 1958 2544 in
1986 2486 2233 2544 ecclesia«
2247 2486 2302 2542 S.
2322 2485 2517 2544 Fui-sei
2558 2490 2693 2545 intra

459 2573 761 2630 Perronam.
814 2572 933 2630 Non
961 2575 1167 2630 animos
1197 2576 1265 2645 ei,
1306 2575 1403 2631 sed
1434 2575 1768 2648 prudentiam
1798 2574 2056 2646 defuisse,
2094 2580 2329 2646 apparet.
2381 2575 2691 2649 simplicem

460 2668 602 2734 sunt,
629 2663 720 2732 qai
746 2676 856 2720 non
885 2678 920 2720 a
943 2662 1254 2733 stoliditate,
1283 2664 1380 2720 sed
1408 2663 1649 2722 bonitate
1676 2670 1734 2720 et
1758 2665 2079 2722 rectitudine
2105 2665 2267 2720 animi
2293 2664 2497 2720 dictum
2522 2666 2692 2721 inter-

461 2756 753 2823 pretatur,
789 2755 1038 2823 tanquam
1067 2767 1098 2808 a
1123 2767 1232 2823 quo
1262 2767 1420 2810 omne
1448 2757 1643 2810 tortum
1670 2757 2052 2824 versutumque
2073 2752 2323 2818 abessen
2372 2755 2453 2808 uti
2482 2754 2689 2825 quidam

462 2844 636 2898 sancti
675 2839 918 2898 homines
956 2857 989 2898 a
1015 2842 1356 2900 laudantibus
1394 2845 1505 2899 viri»
1528 2844 1701 2898 mirae
1724 2843 2080 2913 simplicitatis
2109 2841 2440 2898 dicebantur.
2507 2842 2691 2914 ltaque

463 2929 755 2986 chronicon
793 2931 848 2984 S.
878 2931 1097 3001 Benigni
1138 2935 1280 3004 pium
1322 2937 1380 2988 et
1421 2935 1710 3002 martyrum
1746 2930 1889 2988 facit.
1966 2929 2081 2986 Nec
2121 2930 2308 2987 abnuit
2345 2932 2689 3001 sigebertum

461 3019 560 3075 sed
595 3019 717 3075 aliis
753 3019 1029 3075 veteribus
1090 3021 1263 3077 dictus
1303 3027 1388 3077 est
1433 3021 1761 3091 „Karl-sot“.
1841 3020 2061 3076 Uxores·
2089 3023 2210 3089 ejus
2251 3018 2601 3077 Friderunam
2640 3025 2691 3078 et

463 3106 685 3175 ogivam
715 3110 1136 3163 memoravimus,
1186 3109 1268 3166 De
1288 3109 1580 3165 Frideruna
1598 3110 1794 3165 dictum
1814 3112 1898 3164 est
1916 3122 2093 3179 supra.
2133 3108 2339 3178 ogivae
2363 3109 2687 3181 epitaphiu-

461 3199 608 3252 extat
633 3197 688 3250 in
715 3194 1021 3251 Mabilionis
1046 3195 1340 3268 Analectis‚
1378 3193 1556 3254 obitus
1585 3199 1701 3254 dies
1729 3197 2043 3254 subnotatur
2070 3200 2120 3253 ’1.
2149 3198 2264 3254 Kal.
2291 3198 2529 3270 Januar„
2552 3198 2691 3269 qnod·

459 3297 856 3353 praeoccupare
895 3282 1099 3353 licebit,
1142 3287 1245 3341 etsi
1274 3285 1344 3340 ad
1381 3288 1647 3343 secundas
1687 3290 1900 3358 nuptias
1940 3289 2226 3359 transierit,
2273 3288 2342 3343 de
2368 3287 2568 3357 quibus
2594 3303 2691 3344 suo

458 3370 601 3427 loco.
664 3369 845 3428 Gisela
887 3376 1059 3428 utrum
1099 3374 1372 3446 naturalis
1416 3391 1486 3432 an
1511 3391 1580 3433 ex
1605 3376 1891 3432 Frideruna
1916 3379 2045 3430 nata
2070 3377 2158 3447 sit,
2186 3375 2445 3445 ambigas.
2512 3376 2687 3432 Ludo·
2800 3433 2801 3458 ἶ

459 3460 649 3527 vicum,
690 3475 848 3531 quem
879 3461 1301 3519 ‘transmarinum
1343 3465 1542 3535 dicunt,
1584 3479 1651 3521 ex
1688 3462 1858 3534 ogiva
1897 3467 2156 3534 suscepit.
2224 3466 2376 3521 Alios
2408 3468 2462 3521 ei
2489 3464 2689 3523 liberos
2800 3483 2801 3488 ¹

461 3550 516 3604 in
557 3548 740 3605 charta
784 3551 1035 3607 abbatiae
1082 3552 1134 3607 S.
1165 3552 1390 3621 Remigii
1435 3552 1573 3624 apud
1610 3552 1806 3609 Remos
1843 3553 2022 3622 tribui,
2067 3552 2475 3626 sammarthani,
2516 3558 2681 3624 reffl'as

460 3634 731 3694 Gallorum
772 3637 1001 3696 familias
1043 3641 1432 3714 describenteS,
1473 3641 1838 3699 observarunt.
1909 3642 2230 3702 Roriconetu
2259 3642 2676 3713 filiumnotbu,

458 3738 617 3796 quem
646 3728 975 3784 Frodoardus
1004 3729 1071 3802 ad
1100 3746 1147 3786 a.
1171 3730 1232 3786 D.
1257 3731 1379 3787 9⁴8.
1409 3731 1708 3802 diaconum,
1748 3732 1893 3799 regis
1922 3730 2179 3790 Ludovici
2204 3732 2443 3804 fratrem,
2487 3737 2542 3789 et
2563 3746 2680 3788 nex

458 3815 772 3887 episcopum
818 3815 1222 3875 Laudunensem
1270 3821 1506 3877 electum
1548 3818 1726 3890 babet,
1789 3821 2032 3877 doctrina
2074 3823 2341 3891 insignem
2389 3821 2578 3894 fuisse,
2620 3836 2683 3878 ex

457 3907 645 3960 vetere
672 3906 936 3975 scriptore
963 3913 1148 3963 notant
1175 3907 1338 3965 iidem
1364 3908 1767 3965 Sammarthaui.
1832 3909 1934 3971 Qui
1963 3908 2245 3968 liudolfum
2284 3925 2395 3968 non
2422 3927 2687 3982 agnosce·

458 3990 600 4061 bant,
644 3989 790 4048 trans'
831 3993 1057 4065 Ligerim
1100 3998 1166 4052 ad
1209 3998 1555 4054 Barcinonem
1598 4012 1788 4069 usque,
1829 4013 1899 4054 ex
1927 4013 1995 4054 eo
2024 4013 2196 4056 annos
2233 4015 2267 4056 a
2302 4000 2484 4057 Caroli
2523 4009 2689 4059 morte

455 4094 739 4138 numerare
768 4097 1028 4153 coepere:
1059 4086 1284 4144 formula
1313 4090 1457 4143 erat:
1495 4102 1659 4158 anno,
1688 4102 1760 4142 ca·
1786 4103 1893 4159 quo
1916 4089 2049 4143 obiit
2073 4089 2307 4146 Carolus
2328 4089 2481 4159 filins
2505 4091 2685 4147 Ludo-
2800 4111 2801 4120 ¹

457 4173 574 4242 vici,
606 4170 816 4226 clue-uto
843 4180 1104 4244 regnante
1130 4181 1181 4231 ee
1207 4176 1481 4246 [Francia]
1509 4189 1687 4246 reycm
1714 4181 2050 4245 expectante.

601 4260 682 4315 18.
756 4261 1042 4318 Giselberti
1082 4266 1472 4320 matrimonium
1515 4278 1633 4320 cum
1673 4263 1963 4336 Gerberga,
2004 4266 2220 4323 Henrici
2258 4267 2382 4338 tilia,
2422 4268 2679 4338 Labbeus,

456 4355 675 4405 secutus
705 4352 1126 4407 continuatorem
1155 4351 1462 4425 tiemonis,
1505 4355 1608 4409 etsi
1635 4353 1772 4411 alias
1800 4357 1943 4412 circa
1971 4361 2211 4427 tempora
2236 4356 2379 4414 haud
2405 4357 2584 4430 lidum,
2629 4360 2676 4414 in

454 4435 595 4491 hunc
622 4450 814 4493 annum
841 4436 1020 4493 refert.
1075 4436 1238 4495 Certe
1265 4439 1403 4497 ultra
1431 4441 1629 4499 differri
1657 4446 1937 4502 commode
1961 4459 2070 4503 non
2098 4450 2295 4519 potest.
2360 4447 2497 4504 Nam
2526 4447 2674 4506 facile
