2817 4959
621 264 1155 335 ANNALES
1222 267 1681 336 IMPERII
2131 274 2252 341 481

28 440 194 495 tiam
242 450 505 495 consocer
545 438 801 512 nugatus,
842 439 1224 499 Constantinus
1264 444 1536 515 augustus,
1571 443 1923 513 cognomento
1959 443 2261 520 Porphyro-
2286 447 2349 518 Α,
2371 443 2507 514 939,

28 531 283 584 enneta.
374 526 726 584 Adelheidem
769 542 911 584 nunc
953 531 1170 586 nonnisi
1215 530 1451 601 puellam
1494 543 1792 588 sexennem
1836 530 2025 602 fuisse,
2073 533 2262 591 scribit

28 616 192 673 »dile
224 617 282 672 iu
311 618 430 683 ejus
457 617 586 671 vita.
1425 619 1430 628 ·

165 706 225 760 4.
299 703 362 761 ln
390 702 673 760 Germania
700 702 908 759 flamma
949 717 1020 759 ex
1047 705 1230 762 cinere
1270 704 1462 762 doloso
1493 708 1738 778 erumpit.
1808 706 2069 765 Henricus
2097 708 2263 766 irater

28 794 188 864 egis,
236 792 426 850 ardens
456 791 746 864 cupiditate
781 792 1055 862 regnandi,
1098 806 1216 847 cum
1245 792 1554 850 Eberhardo
1583 799 1638 851 et
1667 793 1971 853 Giselberto
2001 801 2260 866 conjurat.

28 881 398 939 thethardum
436 883 612 950 ipsum
650 894 682 935 a
711 878 1015 935 Giselberto
1057 879 1382 936 stimulatum
1428 881 1592 938 habet
1631 881 1996 956 Ekkehardus,
2042 899 2263 943 casuum

33 1017 50 1029 .
94 970 261 1026 Galli
299 972 541 1040 scriptor,
581 971 1023 1040 increpitumque,
1067 969 1209 1040 quod
1250 968 1509 1025 honorem
1551 982 1706 1026 suum
1736 971 1891 1028 alteri
1920 973 2260 1046 concederet,

31 1068 60 1117 t
121 1059 304 1114 frater
356 1059 534 1130 magni
589 1058 734 1126 regis
782 1071 846 1113 ac
884 1056 1121 1113 Francus
1165 1057 1435 1114 Saxonum
1476 1071 1698 1126 regnum
1739 1059 1929 1116 durare
1968 1066 2258 1132 pateretur.

28 1157 222 1219 taque
264 1146 549 1203 Heni-icum
589 1143 866 1217 fallebant,
907 1143 1245 1201 Eberhardus
1285 1150 1501 1218 sceptra
1540 1145 1861 1204 Francorum
1905 1151 2258 1223 orientalium,

28 1232 822 1294 'riselbertus-Lothariensium
862 1232 970 1288 sibi
1009 1233 1361 1290 destinantes.
1434 1233 1496 1290 ld
1528 1234 1765 1304 denique
1792 1237 1977 1306 egisse
2002 1238 2262 1311 videntur,

35 1332 61 1382 t
85 1340 197 1382 res
223 1322 442 1394 publica
463 1326 522 1380 in
549 1326 729 1393 partes
755 1324 873 1393 iret,
901 1324 1007 1392 ipsi
1035 1337 1161 1378 mox
1185 1324 1346 1378 mturi
1371 1321 1559 1380 hostes
1588 1325 1832 1394 invicem,
1860 1327 2003 1380 etin
2030 1328 2262 1383 mutuam

36 1414 329 1472 emiciem
356 1412 495 1483 ituri,
523 1414 572 1466 si
596 1411 820 1467 consilia
847 1413 1262 1480 processissent.
1333 1413 1425 1467 Ait
1466 1414 1807 1468 continuator
1839 1412 2146 1487 Reginonis,
2192 1428 2263 1471 ex

29 1501 411 1561 eclesiastico
453 1500 642 1556 ordine
680 1499 924 1554 homines
963 1512 1195 1570 nequam
1237 1513 1357 1555 cum
1395 1502 1466 1555 iis
1512 1501 1886 1571 conspirasse3
1933 1515 2038 1572 quo
2080 1502 2261 1573 elogio

29 1594 248 1649 idetur
271 1588 592 1646 Fridericum
621 1586 1084 1658 archiepiscopum
1109 1588 1474 1656 Meguntinum
1502 1594 1559 1645 et
1585 1587 1919 1646 Rudhardum
1948 1591 2263 1661 episcopum

28 1678 505 1747 ztrashurgensom
534 1682 589 1733 et
615 1676 798 1747 plures
827 1675 965 1732 alios
993 1675 1214 1732 factioni
1240 1680 1468 1733 innexos
1498 1677 1829 1746 designasse.
1902 1678 2163 1735 Hem-icus
2193 1678 2262 1735 ad

28 1767 359 1826 talaseldam
395 1764 710 1835 Thur-ingiae
752 1764 1005 1835 oppidum
1039 1766 1106 1819 in.
1124 1765 1343 1836 praedio
1385 1779 1485 1821 suo
1516 1764 1733 1822 celebre
1762 1767 2063 1823 convivium
2090 1771 2260 1839 parat,

28 1858 340 1924 annosque
386 1853 540 1910 donis
587 1867 651 1910 ac
694 1855 976 1924 promissis
1023 1851 1129 1908 sibi
1171 1852 1473 1922 obstringit.
1544 1853 1613 1909 Et
1651 1853 1781 1909 licet
1827 1866 1954 1924 erga
2000 1855 2259 1925 quosdam

29 1949 263 2003 nimum
290 1942 516 2014 nudarit,
548 1953 639 1997 res
667 1946 849 1998 tamen
875 1940 1142 1997 occultata
1171 1946 1281 1999 est:
1323 1941 1543 1998 fratrem
1573 1945 1714 1999 enim
1742 1941 1893 1999 tratri
1926 1943 2259 2015 denuntiare,

28 2032 196 2092 acile
239 2028 625 2103 conciliabiles,
665 2033 866 2099 majore
907 2032 1064 2086 unius
1107 2031 1232 2106 odio
1262 2046 1419 2100 quam
1447 2031 1669 2088 alterius
1697 2034 1879 2103 gratia,
1920 2032 2061 2088 haud
2089 2034 2259 2089 tutum

29 2121 329 2181 idehatur.
402 2118 664 2175 Henrieus
693 2119 979 2189 praesidiis
1007 2120 1175 2174 munit
1202 2120 1451 2189 primaria
1478 2119 1615 2191 loca,
1652 2134 1789 2190 quae
1817 2122 1874 2177 in
1907 2121 2142 2176 Saxonia
2171 2124 2260 2177 te-

28 2213 212 2281 rebat,
251 2205 440 2278 quibus
469 2205 595 2262 Otto
623 2221 656 2261 a
685 2209 833 2275 tergo
862 2213 1171 2263 vexaretur:
1212 2208 1334 2277 ipse
1362 2214 1541 2265 autem
1570 2210 1757 2264 statuit
1784 2208 1850 2263 ad
1877 2209 2258 2265 Letharienses

29 2298 323 2368 ‚toficiscry
351 2295 528 2364 credo,
568 2297 627 2349 nt
655 2295 1070 2351 succedentibus
1100 2296 1342 2351 consiliis
1370 2298 1427 2352 in
1456 2296 1595 2352 solio
1625 2295 1996 2353 collocaretur.
2068 2297 2261 2368 ltaque

29 2404 171 2457 nm,
201 2385 391 2441 sumtis
419 2396 603 2439 secum
631 2382 973 2440 interioribus
1002 2385 1208 2456 amiciS,
1237 2384 1304 2440 de
1333 2386 1624 2456 improviso
1653 2387 1936 2458 evasisset,
1966 2397 2151 2444 omnes
2178 2388 2261 2444 rei

28 2479 223 2542 ‚matio
253 2470 507 2544 perculsi,
537 2475 643 2526 tam
672 2471 900 2528 subitam
927 2475 1296 2530 secessionem
1325 2473 1668 2530 mirabantur.

169 2566 227 2623 5.
304 2560 428 2618 Otto
469 2561 692 2630 primum
732 2559 907 2617 famae
946 2576 1054 2618 non
1096 2561 1337 2632 credidit,
1376 2561 1589 2632 deinde,
1635 2561 1726 2617 ubi
1768 2564 2111 2634 compertum,
2151 2577 2258 2633 quo

28 2655 349 2715 levenisset
382 2647 564 2719 frater,
604 2648 801 2706 ducere
843 2650 898 2705 in
940 2663 1061 2706 eum
1087 2648 1228 2704 haud
1255 2648 1477 2705 distulit.
1548 2649 1735 2719 Itaque
1762 2664 1949 2719 magna
1980 2648 2260 2707 celeritate

29 2741 320 2803 ›raesidiis
340 2751 407 2793 ex
424 2736 642 2793 urbibus
673 2737 934 2809 deductis,
963 2739 1234 2793 veteranis
1262 2738 1327 2793 ad
1347 2739 1502 2806 signa
1531 2740 1858 2806 convocatis,
1887 2737 2261 2808 suppletisque

28 2828 354 2903 egionibus,
395 2826 632 2882 validum
677 2829 972 2882 exercitum
1017 2826 1294 2880 contraxit.
1396 2825 1478 2881 Arl
1524 2825 1761 2881 Rhenum
1808 2824 2046 2881 tendenti
2089 2827 2260 2895 prima

29 2920 227 2980 ‚btulit
264 2930 327 2972 se
353 2913 622 2987 praesidio
651 2912 828 2970 fratris
856 2916 1068 2970 insessa
1096 2913 1400 2969 Trutmanni
1430 2912 1568 2986 urbs,
1611 2928 1767 2984 quam
1794 2913 1955 2968 hodie
1982 2912 2261 2969 Latinismi

29 3009 376 3069 flectatores
402 3004 736 3059 Tremoniam
763 3007 974 3081 vocant.
1024 3002 1139 3059 Sita
1165 3008 1254 3057 est
1279 3004 1336 3058 in
1363 3004 1616 3059 comitatu
1641 3003 1909 3058 Marcano.
1934 3005 1938 3010 ’
1961 3000 2068 3057 Sed
2094 3013 2261 3071 prae-

29 3098 255 3165 missii,
293 3106 454 3149 casus
479 3093 756 3147 'tancmari
797 3105 1079 3162 memores,
1119 3092 1380 3148 resistere
1422 3093 1540 3147 ausi
1577 3106 1682 3146 non
1720 3094 1858 3146 sunt.
1924 3087 2259 3145 Praefectum

28 3191 260 3258 rginam
297 3180 386 3237 vel
425 3180 736 3250 Egenonem
772 3193 870 3236 rex
911 3180 1136 3249 adjurat,
1171 3182 1231 3233 ut
1258 3178 1325 3233 ad
1352 3178 1641 3236 Henricum
1667 3177 2054 3249 proficiscatur,
2098 3180 2259 3247 eique

31 3277 252 3334 ωσι-ει
277 3273 509 3340 ingerat3
550 3272 598 3324 si
636 3268 830 3325 trustra
866 3270 953 3340 sit,
992 3269 1060 3324 ad
1089 3281 1152 3324 se
1178 3273 1492 3324 revertatur.
1563 3267 1677 3323 Rex
1704 3267 1900 3323 deinde
1926 3268 1991 3322 ad
2019 3265 2259 3322 Rhenum

28 3362 331 3429 moremus,
352 3361 499 3428 parte
519 3361 788 3414 exercitus
811 3358 1138 3428 transmissa,
1158 3370 1289 3414 ecce
1310 3371 1429 3412 cum
1448 3357 1662 3411 minime
1681 3355 2015 3427 expectabat,
2033 3355 2257 3424 Aginam

29 3456 80 3511 Δ
109 3462 186 3506 se
211 3450 522 3504 venientem
548 3446 713 3502 videt.
758 3444 1000 3509 Quaerit:
1028 3446 1186 3501 Satin
1200 3447 1427 3501 salvae?
1456 3444 1599 3508 Quid
1607 3443 1830 3513 frater?
1862 3444 1961 3500 Ille
1983 3441 2257 3516 praetatus

28 3545 82 3598 le
133 3536 380 3593 ilenrico
418 3536 621 3605 optime
659 3536 775 3604 regi
816 3535 1081 3605 cupiente,
1123 3548 1244 3589 cum
1284 3535 1438 3604 plura
1476 3535 1899 3605 exquirerentur,
1942 3535 2172 3586 armatos
2200 3530 2259 3585 in

28 3632 197 3687 itera
239 3627 358 3696 ripa
394 3625 881 3696 appropinquantes
908 3622 1177 3679 ostendit:
1212 3626 1374 3691 negat
1400 3621 1633 3677 ilenrico
1659 3620 1970 3693 persuaderi
1998 3620 2258 3689 potuisse,

28 3723 66 3775 ιι
99 3716 278 3772 aliter
311 3715 549 3783 veniret3
590 3725 654 3768 se
693 3717 871 3768 tamen
897 3712 1207 3767 redeuntem
1235 3708 1555 3767 satisfacere
1582 3708 1708 3765 fidei
1738 3709 1910 3765 datae.
1985 3702 2111 3761 Otto
2142 3711 2260 3760 tur-

28 3810 205 3874 ·atus,
237 3807 296 3858 et
313 3815 442 3857 suos
461 3802 517 3856 in
535 3799 776 3871 periculo
795 3799 1002 3870 videns,
1034 3797 1225 3870 quibus
1245 3802 1353 3855 tam
1372 3797 1552 3855 subito
1577 3809 1889 3853 succurrere
1917 3805 2027 3849 non
2053 3800 2258 3866 posset,

36 3897 76 3951 d
112 3903 323 3965 preces
349 3891 590 3960 vertitur,
619 3900 944 3959 causamque
965 3889 1318 3957 justissimam
1343 3885 1459 3943 Deo
1491 3885 1842 3942 commendat.
1904 3882 1981 3938 lta
2006 3882 2261 3940 witikin-

28 3989 120 4041 tus
167 3993 291 4036 rem
330 3983 524 4035 narrat.
618 3975 969 4047 Luitprandus
1014 3974 1174 4048 addit,
1219 3988 1402 4045 regem
1448 3986 1588 4045 equo
1634 3971 1939 4043 defluxisse,
1981 3974 2038 4028 et
2080 3985 2260 4027 coram

29 4070 258 4128 ictrice
283 4067 477 4124 lancea
505 4064 687 4121 clavos
711 4064 924 4121 Domini
949 4067 1171 4134 gerente
1194 4067 1252 4122 in
1273 4065 1572 4120 orationem
1599 4059 1842 4132 effusum,
1887 4073 2017 4116 suos
2043 4061 2099 4115 in
2128 4072 2261 4116 eos-

28 4167 147 4219 lem
176 4157 405 4228 pietatis
434 4168 629 4212 sensus
657 4155 903 4211 traxisse.

164 4245 224 4301 6.
297 4243 461 4300 Porro
502 4245 593 4314 qui
635 4246 781 4298 trans
814 4241 1054 4299 Rhenum
1097 4244 1247 4299 erant
1286 4240 1387 4295 viri
1428 4238 1724 4304 fortissimi,
1769 4237 1949 4294 animo
1968 4235 2261 4308 fsupplent,

29 4333 168 4408 uod
187 4345 419 4389 numero
439 4333 635 4404 deerat,
652 4346 774 4388 nam
793 4336 1007 4404 praeter
1025 4331 1383 4402 promiscuum
1402 4327 1642 4393 militem,
1661 4327 1799 4383 ultra
1819 4321 2031 4383 centum
2051 4326 2262 4395 equites

29 4425 207 4481 ravis
240 4424 542 4479 armaturae
566 4421 708 4479 haud
736 4419 917 4492 ωσι-ος
944 4422 1004 4476 in
1029 4417 1222 4490 quibus
1249 4420 1376 4476 tunc
1401 4415 1567 4473 robur
1589 4417 1861 4475 exercitus
1880 4411 2261 4485 collocabatur,

53 4597 64 4604 “
128 4539 404 4575 Annaeus
448 4537 678 4574 runnu
715 4537 838 4571 τοι.
867 4525 929 4571 11.
1624 4589 1631 4598 Ἰ
1729 4526 1804 4590 31
