2817 4959
707 267 1243 342 ANNALES
1313 274 1772 346 1nPnR11
2214 281 2343 347 3¹7

101 445 375 503 simfliter
398 445 834 502 distinxissemus
860 459 1056 503 annum
1093 450 1263 520 regni,
1303 451 1394 520 qui
1422 451 1478 507 in
1505 451 1648 508 diem
1675 453 1800 508 anni
1827 451 2025 512 Christi
2049 455 2341 528 inaugura·
2364 458 2435 531 Α,
2454 459 2589 532 210,

105 538 263 592 tione
290 535 530 606 priorem
553 534 743 590 incidit
767 534 835 591 ab
863 535 1135 592 incidente
1169 538 1223 591 in
1252 541 1638 610 posteriorem3
1681 543 1730 596 si
1756 540 1860 597 hoc
1885 542 2010 600 loco
2038 545 2155 601 dies
2183 548 2345 603 inau-

105 626 411 695 gurationis
454 627 604 679 certa
643 622 852 694 suisset,
893 628 985 680 aut
1024 630 1173 712 certe
1213 629 1356 695 prior
1396 641 1460 683 se
1499 628 1758 686 dedisset.
1821 631 1881 686 Si
1922 631 2342 702 corbeiensibus

106 713 314 770 tabulis
356 712 447 768 fidi
487 717 684 784 potest,
723 714 1055 782 inauguratio
1097 716 1240 781 regis
1284 714 1501 771 Heni-ici
1539 732 1647 773 non
1690 716 1790 775 init
1828 722 2095 790 posterior
2132 724 2343 781 decimo

108 804 229 860 Kal.
257 802 411 859 biart.
465 801 578 857 Hac
603 801 888 872 hypothesi
914 815 1064 872 usus,
1103 805 1280 858 omnia
1308 803 1605 860 succedere
1643 810 1874 877 reperio.
1932 809 1991 864 Si
2020 811 2176 866 modo
2203 810 2346 869 hanc

107 892 354 962 regulam
382 897 680 959 teneamus,
708 894 765 946 ut
791 892 847 947 in
875 904 1004 946 casu
1033 890 1334 948 discordiae
1359 896 1602 948 notarum
1630 895 1788 950 trium
1811 896 2190 969 chronicarum,
2219 903 2348 958 anni

109 981 332 1053 Christi,
372 980 682 1035 indictionis
713 982 769 1034 et
793 981 921 1034 anni
947 981 1113 1050 regui,
1156 995 1259 1036 una
1287 985 1416 1036 nota
1444 980 1771 1039 dissentiens
1812 984 1953 1040 binis
1991 990 2347 1044 consention-

108 1072 255 1128 tibus
283 1069 466 1138 cedat,
504 1068 612 1123 nisi
639 1066 853 1124 aliunde
895 1066 1202 1137 habeantur,
1244 1083 1381 1139 quae
1420 1072 1629 1126 tertiam
1651 1073 1859 1140 iuvent.
1918 1074 1979 1130 in
2009 1080 2166 1145 pacto
2196 1077 2347 1135 Bon—-

105 1162 285 1232 nemsi,
332 1159 438 1214 etsi
479 1155 620 1212 male
659 1161 844 1213 notata
883 1159 956 1211 sit
996 1157 1214 1212 indictio
1253 1171 1395 1213 nona
1433 1171 1529 1228 pro
1558 1159 1782 1230 decima,
1827 1175 2056 1218 errorem
2085 1167 2345 1222 tamenin

106 1248 294 1306 tabula
311 1262 426 1302 non
445 1246 710 1314 annotavi,
735 1248 860 1315 quia
880 1244 1020 1300 aliae
1036 1246 1221 1316 plures
1241 1245 1321 1301 ibi
1342 1252 1721 1304 concurrentes
1740 1253 1900 1305 uotae
1919 1255 2135 1320 praeter
2151 1268 2347 1312 annum

107 1338 330 1408 Christi,
360 1340 419 1391 et
444 1335 595 1403 regni
625 1334 840 1389 ilenrici
870 1336 1043 1404 ipsum
1072 1348 1262 1390 annum
1291 1334 1491 1390 Christi
1519 1341 1670 1392 extra
1699 1342 2117 1395 controversiam
2145 1341 2340 1398 locant.

251 1426 344 1482 20.
421 1424 657 1495 Opponit
693 1424 777 1477 vir
816 1423 1063 1491 egregius
1128 1425 1520 1493 inspectionem
1566 1424 1861 1482 tabularum
1908 1428 2344 1503 authenticarum,

107 1516 308 1587 quibus
337 1514 602 1569 Henricus
643 1513 858 1579 reginae
888 1510 1161 1567 hiechtildi
1203 1511 1477 1569 dotalitias
1518 1514 1751 1570 ditiones
1797 1517 2073 1574 constituit
2111 1518 2194 1574 16.
2226 1519 2344 1577 Kal.

110 1603 251 1674 0ct.,
275 1615 418 1674 qaas
436 1615 556 1657 cum
577 1600 902 1656 editionibus
926 1600 1211 1669 diligenter
1232 1615 1264 1656 a
1288 1615 1350 1656 se
1374 1602 1601 1658 collatas
1621 1605 1724 1672 ait;
1753 1603 1936 1675 ibique
1959 1619 2213 1677 expresse
2234 1608 2343 1676 leg-i

117 1696 345 1748 testatur
359 1704 559 1746 annum
578 1689 879 1745 dominicae
897 1691 1278 1745 incarnationis
1306 1689 1429 1745 928.
1450 1704 1548 1746 seu
1576 1691 1710 1757 9293
1741 1705 1933 1748 annum
1953 1697 2103 1763 regni
2124 1694 2345 1751 Henrici

120 1781 205 1838 10.
237 1779 377 1835 Nolo
399 1781 455 1833 in
481 1777 696 1834 dubium
723 1792 979 1834 revocare
1005 1782 1328 1851 compertam
1349 1780 1454 1833 viri
1477 1778 1620 1835 docti
1648 1780 1994 1854 diligentiam,
2022 1782 2151 1838 nolo
2179 1786 2344 1841 etiam

117 1870 397 1940 suspicari,
439 1867 670 1923 additam
698 1881 730 1922 a
758 1868 1062 1938 posteriore
1089 1866 1268 1937 aliquo
1310 1868 1450 1924 male
1478 1867 1669 1923 sedulo
1710 1870 1968 1923 unitatem
1997 1870 2065 1925 ad
2090 1870 2142 1925 8.
2201 1870 2341 1926 Illud

115 1971 338 2031 repono,
371 1959 532 2012 notas
562 1955 842 2011 chronicas
869 1957 924 2009 in
953 1954 1038 2010 his
1067 1954 1261 2011 tabulis
1291 1960 1471 2012 certae
1496 1955 1624 2012 fidei
1651 1971 1758 2013 non
1788 1970 1928 2028 esse,
1970 1961 2101 2028 quia·
2122 1963 2341 2016 contra-

114 2048 300 2103 dicunt
323 2049 482 2115 ipsae
509 2044 630 2115 sibi,
669 2044 893 2102 indictio
935 2047 1077 2099 euim
1116 2044 1329 2114 adjecta
1356 2045 1596 2100 secunda
1623 2045 1713 2101 die
1750 2044 1830 2101 16.
1861 2045 1976 2102 Kal.
2007 2045 2255 2103 Octobris
2285 2050 2342 2104 in

112 2150 308 2193 annum
337 2133 537 2190 Christi
564 2133 686 2189 928.
715 2133 917 2190 incidit.
970 2133 1086 2189 Nec
1121 2147 1391 2203 nunquam
1427 2133 1749 2189 authenticis
1788 2133 2098 2191 indubitatis
2129 2148 2342 2191 errores

111 2228 315 2295 inesse,
343 2224 446 2277 viri
473 2222 617 2278 docti
644 2221 839 2278 dudum
866 2226 1131 2278 notarunt.
1186 2221 1348 2278 Porro
1389 2227 1449 2277 ut
1486 2228 1732 2279 caeteras
1771 2221 1981 2278 tabulas
2023 2229 2079 2279 et
2122 2229 2345 2282 nostrae

112 2319 168 2370 et
208 2313 498 2384 oppositae
534 2309 819 2381 hypothesi
863 2322 1250 2380 comparemus,
1294 2314 1509 2382 pactum
1551 2309 1764 2381 quidem
1805 2311 2089 2369 Bonnense
2127 2315 2343 2383 utrique

111 2401 397 2459 conciliari
436 2403 635 2470 potest.
694 2396 923 2454 Nostrae
960 2396 1246 2469 hypothesi
1286 2399 1490 2469 liquido
1519 2397 1700 2455 favent
1728 2397 2078 2471 corbeiense,
2117 2399 2343 2458 Herfor-

109 2491 307 2547 diense
321 2490 489 2559 prius,
508 2487 878 2557 werthinense,
900 2484 1300 2556 iiamburgense
1314 2505 1332 2557 ;Ἰ
1360 2492 1416 2543 et
1441 2488 1685 2559 inprimis
1702 2487 1941 2556 synodus
1958 2486 2342 2560 Erfurdiensis,

108 2595 180 2637 eo
206 2580 420 2649 dignior
446 2576 566 2648 lide,
595 2574 738 2646 quod
765 2589 873 2631 nou
900 2577 1092 2645 privati
1120 2576 1442 2647 documenti,
1469 2575 1567 2632 sed
1595 2574 1797 2645 publici
1823 2578 2151 2632 monumenti
2177 2582 2338 2632 auto-

109 2671 324 2725 ritatem
352 2664 530 2721 babet.
570 2663 831 2735 Opposita
857 2661 1169 2736 hypothesis
1195 2677 1268 2720 ne
1294 2679 1456 2720 unum
1484 2664 1697 2734 quidem
1727 2662 1960 2733 diploma
1988 2662 2165 2734 habet,
2193 2664 2337 2734 quod

109 2771 217 2814 noa
259 2768 438 2825 aeque
479 2751 659 2810 faveat
697 2768 762 2808 ac
802 2755 1090 2823 repugnet3
1135 2755 1193 2808 in
1235 2751 1378 2808 binis
1420 2753 1563 2808 enim
1605 2753 1826 2820 reginae
1870 2757 1928 2806 et
1967 2750 2339 2809 Heriordiensi

110 2846 418 2919 posteriore
461 2856 631 2899 annus
677 2840 890 2911 Christi,
945 2842 1004 2897 in
1046 2841 1348 2897 lierisieusi
1390 2853 1560 2896 annus
1605 2841 1772 2910 regni,
1818 2852 1979 2908 quem
2022 2838 2337 2910 hypothesis

109 2934 268 2990 nobis
316 2932 568 3003 opposita
610 2928 866 3001 praefert,
911 2928 979 2986 ab
1023 2929 1317 2986 indictione
1364 2931 1713 2999 impugnatur.
1782 2927 1969 2997 ltaque
2017 2925 2340 2997 hypothesin

110 3028 349 3079 nostram
390 3019 756 3091 multipliciter
794 3019 1109 3089 praevalere
1149 3017 1367 3090 debere,
1408 3018 1637 3088 quodam
1677 3016 1828 3072 velut
1868 3015 2077 3073 calculo
2108 3020 2337 3089 constat,

111 3110 560 3179 statuendamque
587 3113 688 3179 est,
716 3107 1003 3163 ilenricum
1030 3121 1213 3176 rogem
1239 3121 1379 3163 anno
1408 3105 1621 3162 Domini
1647 3104 1803 3161 927.ἰ
1824 3110 2024 3161 mature
2053 3106 2341 3174 inaugura-

111 3204 221 3255 tum
265 3198 470 3262 fuisse;
525 3210 644 3252 cum
686 3199 849 3253 etiam
888 3198 971 3253 rei
1014 3194 1264 3268 publicae
1301 3197 1663 3253 necessitates
1703 3193 1916 3265 longam
1956 3208 2156 3251 moram
2197 3192 2335 3252 haud

111 3289 305 3345 tulisse
334 3287 633 3344 videantur.

774 3466 998 3535 ANNO
1043 3468 1359 3536 CHRISTI
1410 3466 1650 3540 920·

107 3589 327 3637 Aruulstrs
365 3590 462 3635 dux
495 3589 740 3647 Bajoariae
775 3590 833 3635 ad
870 3602 1059 3645 regnum
1093 3590 1338 3648 Bajoariae
1372 3591 1565 3646 aspirat,
1601 3590 1684 3635 sed
1719 3589 1778 3634 ab
1812 3586 2011 3634 Henrieo
2046 3587 2095 3632 in
2130 3587 2337 3634 ordinem

183 3663 436 3718 redigitur.
462 3682 518 3694 —
550 3663 762 3707 Potestas
790 3663 833 3706 ei
863 3665 1012 3705 tamen
1040 3674 1202 3717 magna
1229 3672 1465 3716 concessa,
1494 3663 1631 3705 etiam
1658 3660 1705 3705 iu
1735 3660 1992 3716 episcopos.
2030 3658 2146 3703 Jura
2171 3660 2336 3704 ducum

182 3738 339 3779 aucta.
366 3752 422 3765 -·
444 3732 664 3782 Amulius
690 3734 812 3788 apud
840 3733 1183 3778 ecclesiasticos
1210 3735 1328 3778 maie
1354 3732 1501 3777 audit.
1526 3752 1581 3763 -
1624 3730 1911 3775 Provinciam
1938 3739 2027 3773 non
2054 3730 2172 3774 male
2197 3729 2336 3774 rexit.

182 3827 240 3837 —
275 3805 471 3849 Car-clu
506 3816 590 3849 rex
624 3816 652 3849 a
688 3805 956 3860 proceribus
993 3803 1239 3856 deseritur,
1275 3805 1359 3848 sed
1395 3803 1736 3848 reconciliatur.
1775 3824 1826 3833 —
1878 3800 2062 3844 Invadit
2096 3799 2337 3845 Franciam

182 3875 493 3920 Bhenensem.
520 3896 575 3907 —
630 3873 914 3920 Giselbertus
951 3874 997 3918 in
1035 3874 1330 3929 Lotharingia
1371 3874 1429 3918 ad
1466 3873 1710 3917 Heni-icum
1746 3871 1954 3926 respicit.
2010 3871 2251 3915 Certamen
2279 3872 2337 3916 de

183 3947 459 4001 episcopatu
484 3943 730 3990 Leodiensi
758 3947 880 3990 inter
906 3944 1170 3989 Bilduinum
1197 3949 1245 3988 et
1269 3943 1551 3988 Richarium.
1574 3966 1623 3975 -
1653 3942 1751 3987 Rex
1778 3946 1826 3986 et
1851 3952 1970 3998 papa
1997 3952 2080 3997 pro
2106 3942 2338 3987 Bishai-io·

181 4017 309 4072 rapa
337 4020 494 4072 negat,
523 4018 787 4073 episcopum
814 4017 1038 4072 quendam
1063 4015 1154 4062 nisi
1181 4027 1292 4070 rege
1318 4017 1480 4060 autore
1507 4013 1610 4059 fleri
1637 4014 1824 4058 debere.
1841 4035 1896 4046 —
1923 4013 2141 4059 Saracerss
2166 4013 2337 4059 Fraxi-

183 4092 294 4133 neto
322 4090 374 4132 iu
400 4088 646 4133 Provincia
682 4092 903 4144 occupato
927 4085 1069 4143 Alpes
1109 4088 1351 4142 intestant3
1392 4086 1476 4131 alil
1499 4084 1729 4142 Apuliam.
1780 4085 2026 4131 Burmanni
2051 4083 2337 4129 Britanniam

186 4160 426 4204 minorem.
456 4180 511 4191 -
563 4159 744 4203 'turbae
779 4160 828 4203 in
861 4158 999 4203 Italia
1031 4158 1226 4203 liuberti
1266 4162 1426 4202 contra
1460 4168 1640 4212 papam,
1676 4157 1881 4202 Odelrici
1917 4162 1966 4201 et
2000 4153 2339 4212 archiepiscopi

186 4229 547 4275 lediolanensis
587 4234 746 4274 contra
783 4229 1131 4286 Bercngarium.
1171 4251 1224 4261 —
1276 4230 1409 4284 lingo
1440 4228 1640 4272 marchio
1668 4239 1729 4272 ex
1762 4227 2004 4273 Provincia
2029 4227 2208 4272 Italiam
2236 4230 2340 4269 ten-

187 4305 272 4344 tat.
308 4324 359 4333 —
427 4297 646 4348 Saraceni
681 4301 933 4358 Hispaniae
966 4302 1104 4347 victis
1139 4300 1331 4355 regibus
1366 4300 1598 4345 castellae
1633 4303 1683 4345 et
1722 4299 1956 4345 lavari-ae
1986 4299 2036 4344 lu
2068 4296 2341 4344 vasconiam

191 4372 466 4427 irrumpunt.

275 4459 329 4513 ⁴⁵)
356 4461 452 4506 919.
475 4473 592 4507 cerr.
616 4459 859 4507 teta-dus.
