<?xml version="1.0" encoding="UTF-8"?>
<!DOCTYPE html PUBLIC "-//W3C//DTD XHTML 1.0 Transitional//EN"
    "http://www.w3.org/TR/xhtml1/DTD/xhtml1-transitional.dtd">
<html xmlns="http://www.w3.org/1999/xhtml" xml:lang="en" lang="en">
 <head>
  <title>
</title>
<meta http-equiv="Content-Type" content="text/html;charset=utf-8" />
  <meta name='ocr-system' content='tesseract 3.04.00' />
  <meta name='ocr-capabilities' content='ocr_page ocr_carea ocr_par ocr_line ocrx_word'/>
</head>
<body>
  <div class='ocr_page' id='page_1' title='image "./godofrwilhleibn00pertgoog_0371.png"; bbox 0 0 2817 4959; ppageno 0'>
   <div class='ocr_carea' id='block_1_1' title="bbox 631 369 2291 458">
    <p class='ocr_par' dir='ltr' id='par_1_1' title="bbox 631 369 2291 458">
     <span class='ocr_line' id='line_1_1' title="bbox 631 369 2291 458; baseline 0.007 -12"><span class='ocrx_word' id='word_1_1' title='bbox 631 371 1184 458; x_wconf 54' lang='lat' dir='ltr'><strong>&#39;ANNALES</strong></span> <span class='ocrx_word' id='word_1_2' title='bbox 1249 369 1710 452; x_wconf 65' lang='lat' dir='ltr'><strong>imperiii</strong></span> <span class='ocrx_word' id='word_1_3' title='bbox 2138 375 2291 458; x_wconf 70' lang='lat'><strong>&#39;353</strong></span> 
     </span>
    </p>
   </div>
   <div class='ocr_carea' id='block_1_2' title="bbox 52 544 2548 4621">
    <p class='ocr_par' dir='ltr' id='par_1_2' title="bbox 52 544 2548 714">
     <span class='ocr_line' id='line_1_2' title="bbox 52 544 2548 635; baseline 0.003 -23"><span class='ocrx_word' id='word_1_4' title='bbox 52 554 254 612; x_wconf 67' lang='lat' dir='ltr'><strong>annuo</strong></span> <span class='ocrx_word' id='word_1_5' title='bbox 287 552 370 610; x_wconf 73' lang='lat' dir='ltr'><strong>ab</strong></span> <span class='ocrx_word' id='word_1_6' title='bbox 401 553 661 611; x_wconf 73' lang='lat' dir='ltr'><strong>exercitio</strong></span> <span class='ocrx_word' id='word_1_7' title='bbox 690 555 850 611; x_wconf 75' lang='lat' dir='ltr'><strong>utiam</strong></span> <span class='ocrx_word' id='word_1_8' title='bbox 890 557 944 612; x_wconf 80' lang='lat' dir='ltr'><strong>iu</strong></span> <span class='ocrx_word' id='word_1_9' title='bbox 985 557 1352 627; x_wconf 75' lang='lat' dir='ltr'><strong>spectaculum</strong></span> <span class='ocrx_word' id='word_1_10' title='bbox 1391 558 1509 633; x_wconf 79' lang='lat' dir='ltr'><strong>ivit,</strong></span> <span class='ocrx_word' id='word_1_11' title='bbox 1548 562 1609 615; x_wconf 77' lang='lat' dir='ltr'><strong>ut</strong></span> <span class='ocrx_word' id='word_1_12' title='bbox 1634 556 2022 620; x_wconf 64' lang='lat' dir='ltr'><strong>dissilientibus</strong></span> <span class='ocrx_word' id='word_1_13' title='bbox 2062 565 2119 623; x_wconf 80' lang='lat' dir='ltr'><strong>in</strong></span> <span class='ocrx_word' id='word_1_14' title='bbox 2147 544 2296 635; x_wconf 55' lang='lat' dir='ltr'><strong>frag-</strong></span> <span class='ocrx_word' id='word_1_15' title='bbox 2322 565 2390 635; x_wconf 68' lang='grc' dir='ltr'><strong>Α,</strong></span> <span class='ocrx_word' id='word_1_16' title='bbox 2409 563 2548 633; x_wconf 73' lang='lat'><strong>924,</strong></span> 
     </span>
     <span class='ocr_line' id='line_1_3' title="bbox 52 644 1345 714; baseline 0.002 -15"><span class='ocrx_word' id='word_1_17' title='bbox 52 646 164 699; x_wconf 77' lang='lat' dir='ltr'><strong>ina</strong></span> <span class='ocrx_word' id='word_1_18' title='bbox 197 644 442 700; x_wconf 73' lang='lat' dir='ltr'><strong>lanceis</strong></span> <span class='ocrx_word' id='word_1_19' title='bbox 473 656 644 714; x_wconf 86' lang='lat' dir='ltr'><strong>eques</strong></span> <span class='ocrx_word' id='word_1_20' title='bbox 670 644 1086 713; x_wconf 73' lang='lat' dir='ltr'><strong>imperturbatus</strong></span> <span class='ocrx_word' id='word_1_21' title='bbox 1114 646 1345 702; x_wconf 85' lang='lat' dir='ltr'><strong>duraret.</strong></span> 
     </span>
    </p>

    <p class='ocr_par' dir='ltr' id='par_1_3' title="bbox 52 732 2302 1958">
     <span class='ocr_line' id='line_1_4' title="bbox 166 732 2298 808; baseline 0.005 -20"><span class='ocrx_word' id='word_1_22' title='bbox 166 734 271 788; x_wconf 78' lang='grc'><strong>17.</strong></span> <span class='ocrx_word' id='word_1_23' title='bbox 360 732 474 788; x_wconf 89' lang='lat' dir='ltr'><strong>Sed</strong></span> <span class='ocrx_word' id='word_1_24' title='bbox 503 734 557 790; x_wconf 91' lang='lat' dir='ltr'><strong>in</strong></span> <span class='ocrx_word' id='word_1_25' title='bbox 588 732 759 789; x_wconf 89' lang='lat' dir='ltr'><strong>Gallia</strong></span> <span class='ocrx_word' id='word_1_26' title='bbox 786 735 1026 804; x_wconf 86' lang='lat' dir='ltr'><strong>inprimis</strong></span> <span class='ocrx_word' id='word_1_27' title='bbox 1055 738 1276 804; x_wconf 86' lang='lat' dir='ltr'><strong>apparet</strong></span> <span class='ocrx_word' id='word_1_28' title='bbox 1312 734 1643 806; x_wconf 76' lang='lat' dir='ltr'><strong>frequentari</strong></span> <span class='ocrx_word' id='word_1_29' title='bbox 1674 739 1927 808; x_wconf 89' lang='lat' dir='ltr'><strong>coepisse</strong></span> <span class='ocrx_word' id='word_1_30' title='bbox 1961 753 2156 798; x_wconf 81' lang='lat' dir='ltr'><strong>novum</strong></span> <span class='ocrx_word' id='word_1_31' title='bbox 2184 742 2298 800; x_wconf 89' lang='lat' dir='ltr'><strong>ludi</strong></span> 
     </span>
     <span class='ocr_line' id='line_1_5' title="bbox 52 809 2299 898; baseline 0.004 -19"><span class='ocrx_word' id='word_1_32' title='bbox 52 823 294 879; x_wconf 66' lang='lat' dir='ltr'><strong>mitaris</strong></span> <span class='ocrx_word' id='word_1_33' title='bbox 345 836 537 893; x_wconf 79' lang='lat' dir='ltr'><strong>genuS,</strong></span> <span class='ocrx_word' id='word_1_34' title='bbox 592 836 788 877; x_wconf 81' lang='lat' dir='ltr'><strong>novam</strong></span> <span class='ocrx_word' id='word_1_35' title='bbox 830 823 1147 892; x_wconf 82' lang='lat' dir='ltr'><strong>confligendi</strong></span> <span class='ocrx_word' id='word_1_36' title='bbox 1189 809 1453 880; x_wconf 86' lang='lat' dir='ltr'><strong>rationem</strong></span> <span class='ocrx_word' id='word_1_37' title='bbox 1498 825 1770 880; x_wconf 83' lang='lat' dir='ltr'><strong>imitantis.</strong></span> <span class='ocrx_word' id='word_1_38' title='bbox 1804 823 1815 836; x_wconf 80' lang='lat'>&#39;</span> <span class='ocrx_word' id='word_1_39' title='bbox 1849 825 2036 898; x_wconf 81' lang='lat' dir='ltr'><strong>ltaque</strong></span> <span class='ocrx_word' id='word_1_40' title='bbox 2077 833 2299 888; x_wconf 88' lang='lat' dir='ltr'><strong>notante</strong></span> 
     </span>
     <span class='ocr_line' id='line_1_6' title="bbox 52 903 2300 982; baseline 0.004 -16"><span class='ocrx_word' id='word_1_41' title='bbox 52 911 326 980; x_wconf 70' lang='lat' dir='ltr'><strong>tangiaco</strong></span> <span class='ocrx_word' id='word_1_42' title='bbox 387 912 444 966; x_wconf 89' lang='lat' dir='ltr'><strong>in</strong></span> <span class='ocrx_word' id='word_1_43' title='bbox 485 910 751 978; x_wconf 89' lang='lat' dir='ltr'><strong>glossario</strong></span> <span class='ocrx_word' id='word_1_44' title='bbox 805 903 1212 982; x_wconf 80' lang='lat' dir='ltr'><strong>incomparabili</strong></span> <span class='ocrx_word' id='word_1_45' title='bbox 1262 911 1581 968; x_wconf 80' lang='lat' dir='ltr'><strong>Matthaeus·</strong></span> <span class='ocrx_word' id='word_1_46' title='bbox 1603 914 1920 969; x_wconf 82' lang='lat' dir='ltr'><strong>Parisiensis</strong></span> <span class='ocrx_word' id='word_1_47' title='bbox 1967 919 2300 977; x_wconf 84' lang='lat' dir='ltr'><strong>tornamenta</strong></span> 
     </span>
     <span class='ocr_line' id='line_1_7' title="bbox 52 989 2297 1076; baseline 0.004 -21"><span class='ocrx_word' id='word_1_48' title='bbox 52 1000 340 1056; x_wconf 84' lang='lat' dir='ltr'><strong>ouilictus</strong></span> <span class='ocrx_word' id='word_1_49' title='bbox 389 998 628 1055; x_wconf 88' lang='lat' dir='ltr'><strong>Gallicos</strong></span> <span class='ocrx_word' id='word_1_50' title='bbox 671 999 978 1071; x_wconf 83' lang='lat' dir='ltr'><strong>appellavit,</strong></span> <span class='ocrx_word' id='word_1_51' title='bbox 1021 989 1077 1055; x_wconf 86' lang='lat' dir='ltr'><strong>et</strong></span> <span class='ocrx_word' id='word_1_52' title='bbox 1104 999 1360 1056; x_wconf 74' lang='lat' dir='ltr'><strong>liudulfus</strong></span> <span class='ocrx_word' id='word_1_53' title='bbox 1389 1001 1837 1069; x_wconf 81' lang='lat' dir='ltr'><strong>coggelhaiensis</strong></span> <span class='ocrx_word' id='word_1_54' title='bbox 1879 1008 2145 1076; x_wconf 84' lang='lat' dir='ltr'><strong>propriam</strong></span> <span class='ocrx_word' id='word_1_55' title='bbox 2176 1023 2297 1066; x_wconf 90' lang='lat' dir='ltr'><strong>meo</strong></span> 
     </span>
     <span class='ocr_line' id='line_1_8' title="bbox 52 1089 2296 1160; baseline 0.005 -17"><span class='ocrx_word' id='word_1_56' title='bbox 52 1090 245 1145; x_wconf 76' lang='lat' dir='ltr'><strong>udicio</strong></span> <span class='ocrx_word' id='word_1_57' title='bbox 277 1091 369 1145; x_wconf 87' lang='lat' dir='ltr'><strong>rei</strong></span> <span class='ocrx_word' id='word_1_58' title='bbox 397 1092 640 1144; x_wconf 86' lang='lat' dir='ltr'><strong>naturam</strong></span> <span class='ocrx_word' id='word_1_59' title='bbox 669 1092 990 1160; x_wconf 74' lang='lat' dir='ltr'><strong>exprimens,</strong></span> <span class='ocrx_word' id='word_1_60' title='bbox 1017 1103 1166 1146; x_wconf 91' lang='lat' dir='ltr'><strong>more</strong></span> <span class='ocrx_word' id='word_1_61' title='bbox 1192 1089 1515 1147; x_wconf 78' lang='lat' dir='ltr'><strong>Francorum</strong></span> <span class='ocrx_word' id='word_1_62' title='bbox 1544 1092 1619 1146; x_wconf 89' lang='lat' dir='ltr'><strong>ait</strong></span> <span class='ocrx_word' id='word_1_63' title='bbox 1646 1089 1815 1147; x_wconf 87' lang='lat' dir='ltr'><strong>hastis</strong></span> <span class='ocrx_word' id='word_1_64' title='bbox 1845 1094 1935 1148; x_wconf 83' lang='lat' dir='ltr'><strong>vel</strong></span> <span class='ocrx_word' id='word_1_65' title='bbox 1968 1097 2140 1150; x_wconf 82' lang='lat' dir='ltr'><strong>contis</strong></span> <span class='ocrx_word' id='word_1_66' title='bbox 2169 1110 2296 1154; x_wconf 91' lang='lat' dir='ltr'><strong>sese</strong></span> 
     </span>
     <span class='ocr_line' id='line_1_9' title="bbox 52 1178 2300 1248; baseline 0.003 -14"><span class='ocrx_word' id='word_1_67' title='bbox 52 1180 245 1234; x_wconf 72' lang='lat' dir='ltr'><strong>ursini</strong></span> <span class='ocrx_word' id='word_1_68' title='bbox 292 1180 607 1248; x_wconf 80' lang='lat' dir='ltr'><strong>equitantes</strong></span> <span class='ocrx_word' id='word_1_69' title='bbox 636 1179 874 1232; x_wconf 76' lang='lat' dir='ltr'><strong>vicissim</strong></span> <span class='ocrx_word' id='word_1_70' title='bbox 903 1178 1181 1247; x_wconf 82' lang='lat' dir='ltr'><strong>impetere.</strong></span> <span class='ocrx_word' id='word_1_71' title='bbox 1236 1179 1604 1242; x_wconf 86' lang='lat' dir='ltr'><strong>Quercetanus</strong></span> <span class='ocrx_word' id='word_1_72' title='bbox 1647 1181 1702 1233; x_wconf 89' lang='lat' dir='ltr'><strong>in</strong></span> <span class='ocrx_word' id='word_1_73' title='bbox 1736 1178 1962 1237; x_wconf 81' lang='lat' dir='ltr'><strong>historia</strong></span> <span class='ocrx_word' id='word_1_74' title='bbox 1986 1181 2300 1244; x_wconf 87' lang='lat' dir='ltr'><strong>Preuliacae</strong></span> 
     </span>
     <span class='ocr_line' id='line_1_10' title="bbox 52 1263 2295 1339; baseline 0.004 -18"><span class='ocrx_word' id='word_1_75' title='bbox 52 1270 221 1336; x_wconf 62' lang='lat' dir='ltr'><strong>gentis</strong></span> <span class='ocrx_word' id='word_1_76' title='bbox 256 1266 579 1322; x_wconf 76' lang='lat' dir='ltr'><strong>observavit</strong></span> <span class='ocrx_word' id='word_1_77' title='bbox 618 1280 687 1321; x_wconf 81' lang='lat' dir='ltr'><strong>ex</strong></span> <span class='ocrx_word' id='word_1_78' title='bbox 731 1263 996 1322; x_wconf 82' lang='lat' dir='ltr'><strong>chronicis</strong></span> <span class='ocrx_word' id='word_1_79' title='bbox 1025 1266 1441 1339; x_wconf 70' lang='lat' dir='ltr'><strong>TuronensibuS,</strong></span> <span class='ocrx_word' id='word_1_80' title='bbox 1486 1266 1776 1324; x_wconf 76' lang='lat' dir='ltr'><strong>Godeirido</strong></span> <span class='ocrx_word' id='word_1_81' title='bbox 1808 1269 1875 1324; x_wconf 93' lang='lat' dir='ltr'><strong>de</strong></span> <span class='ocrx_word' id='word_1_82' title='bbox 1904 1268 2178 1328; x_wconf 83' lang='lat' dir='ltr'><strong>Preuliaco</strong></span> <span class='ocrx_word' id='word_1_83' title='bbox 2206 1275 2295 1330; x_wconf 88' lang='lat' dir='ltr'><strong>in-</strong></span> 
     </span>
     <span class='ocr_line' id='line_1_11' title="bbox 52 1354 2297 1430; baseline 0.002 -18"><span class='ocrx_word' id='word_1_84' title='bbox 52 1358 370 1412; x_wconf 71' lang='lat' dir='ltr'><strong>tentionem</strong></span> <span class='ocrx_word' id='word_1_85' title='bbox 398 1358 885 1411; x_wconf 87' lang='lat' dir='ltr'><strong>torneamentorum</strong></span> <span class='ocrx_word' id='word_1_86' title='bbox 913 1354 1125 1427; x_wconf 79' lang='lat' dir='ltr'><strong>ascribi,</strong></span> <span class='ocrx_word' id='word_1_87' title='bbox 1157 1357 1247 1426; x_wconf 86' lang='lat' dir='ltr'><strong>qui</strong></span> <span class='ocrx_word' id='word_1_88' title='bbox 1274 1355 1398 1411; x_wconf 71' lang='lat' dir='ltr'><strong>al).</strong></span> <span class='ocrx_word' id='word_1_89' title='bbox 1420 1356 1568 1412; x_wconf 86' lang='lat'><strong>1066.</strong></span> <span class='ocrx_word' id='word_1_90' title='bbox 1590 1359 1806 1411; x_wconf 83' lang='lat' dir='ltr'><strong>occisus</strong></span> <span class='ocrx_word' id='word_1_91' title='bbox 1828 1361 1926 1414; x_wconf 81' lang='lat' dir='ltr'><strong>est.</strong></span> <span class='ocrx_word' id='word_1_92' title='bbox 1982 1359 2066 1414; x_wconf 82' lang='lat' dir='ltr'><strong>An</strong></span> <span class='ocrx_word' id='word_1_93' title='bbox 2096 1363 2297 1430; x_wconf 88' lang='lat' dir='ltr'><strong>primus</strong></span> 
     </span>
     <span class='ocr_line' id='line_1_12' title="bbox 52 1442 2299 1526; baseline 0.003 -27"><span class='ocrx_word' id='word_1_94' title='bbox 52 1444 432 1515; x_wconf 66' lang='lat' dir='ltr'><strong>spectaculum</strong></span> <span class='ocrx_word' id='word_1_95' title='bbox 462 1444 628 1526; x_wconf 77' lang='lat' dir='ltr'><strong>edidit</strong></span> <span class='ocrx_word' id='word_1_96' title='bbox 654 1442 845 1498; x_wconf 88' lang='lat' dir='ltr'><strong>ludicri</strong></span> <span class='ocrx_word' id='word_1_97' title='bbox 874 1447 1206 1501; x_wconf 81' lang='lat' dir='ltr'><strong>concursus?</strong></span> <span class='ocrx_word' id='word_1_98' title='bbox 1230 1449 1428 1517; x_wconf 87' lang='lat' dir='ltr'><strong>nempe</strong></span> <span class='ocrx_word' id='word_1_99' title='bbox 1455 1459 1710 1501; x_wconf 84' lang='lat' dir='ltr'><strong>mucrone</strong></span> <span class='ocrx_word' id='word_1_100' title='bbox 1740 1446 1806 1501; x_wconf 90' lang='lat' dir='ltr'><strong>de</strong></span> <span class='ocrx_word' id='word_1_101' title='bbox 1835 1445 2029 1503; x_wconf 85' lang='lat' dir='ltr'><strong>lancea</strong></span> <span class='ocrx_word' id='word_1_102' title='bbox 2057 1447 2299 1505; x_wconf 88' lang='lat' dir='ltr'><strong>detracto</strong></span> 
     </span>
     <span class='ocr_line' id='line_1_13' title="bbox 52 1530 2300 1606; baseline 0.003 -17"><span class='ocrx_word' id='word_1_103' title='bbox 52 1533 365 1603; x_wconf 69' lang='lat' dir='ltr'><strong>gladiisque</strong></span> <span class='ocrx_word' id='word_1_104' title='bbox 396 1531 682 1588; x_wconf 79' lang='lat' dir='ltr'><strong>hebetatis.</strong></span> <span class='ocrx_word' id='word_1_105' title='bbox 746 1530 899 1587; x_wconf 83' lang='lat' dir='ltr'><strong>Unde</strong></span> <span class='ocrx_word' id='word_1_106' title='bbox 942 1533 1282 1590; x_wconf 84' lang='lat' dir='ltr'><strong>manifestum</strong></span> <span class='ocrx_word' id='word_1_107' title='bbox 1326 1539 1429 1606; x_wconf 86' lang='lat' dir='ltr'><strong>est,</strong></span> <span class='ocrx_word' id='word_1_108' title='bbox 1469 1533 1575 1589; x_wconf 89' lang='lat' dir='ltr'><strong>hoc</strong></span> <span class='ocrx_word' id='word_1_109' title='bbox 1613 1535 1915 1590; x_wconf 87' lang='lat' dir='ltr'><strong>institutum</strong></span> <span class='ocrx_word' id='word_1_110' title='bbox 1957 1534 2104 1592; x_wconf 85' lang='lat' dir='ltr'><strong>belia</strong></span> <span class='ocrx_word' id='word_1_111' title='bbox 2145 1552 2300 1595; x_wconf 86' lang='lat' dir='ltr'><strong>sacra</strong></span> 
     </span>
     <span class='ocr_line' id='line_1_14' title="bbox 52 1620 2302 1694; baseline 0 -16"><span class='ocrx_word' id='word_1_112' title='bbox 52 1624 454 1692; x_wconf 69' lang='lat' dir='ltr'><strong>praecessisse.</strong></span> <span class='ocrx_word' id='word_1_113' title='bbox 504 1620 623 1676; x_wconf 86' lang='lat' dir='ltr'><strong>Non</strong></span> <span class='ocrx_word' id='word_1_114' title='bbox 651 1625 828 1677; x_wconf 88' lang='lat' dir='ltr'><strong>tamen</strong></span> <span class='ocrx_word' id='word_1_115' title='bbox 848 1620 1027 1676; x_wconf 89' lang='lat' dir='ltr'><strong>subito</strong></span> <span class='ocrx_word' id='word_1_116' title='bbox 1056 1626 1333 1692; x_wconf 85' lang='lat' dir='ltr'><strong>receptum</strong></span> <span class='ocrx_word' id='word_1_117' title='bbox 1361 1627 1463 1694; x_wconf 86' lang='lat' dir='ltr'><strong>est,</strong></span> <span class='ocrx_word' id='word_1_118' title='bbox 1494 1627 1549 1678; x_wconf 90' lang='lat' dir='ltr'><strong>et</strong></span> <span class='ocrx_word' id='word_1_119' title='bbox 1568 1621 1688 1692; x_wconf 85' lang='lat' dir='ltr'><strong>plus</strong></span> <span class='ocrx_word' id='word_1_120' title='bbox 1710 1623 1899 1679; x_wconf 89' lang='lat' dir='ltr'><strong>seculo</strong></span> <span class='ocrx_word' id='word_1_121' title='bbox 1928 1628 2053 1694; x_wconf 88' lang='lat' dir='ltr'><strong>post</strong></span> <span class='ocrx_word' id='word_1_122' title='bbox 2076 1624 2302 1681; x_wconf 83' lang='lat' dir='ltr'><strong>Richar-</strong></span> 
     </span>
     <span class='ocr_line' id='line_1_15' title="bbox 52 1707 2299 1781; baseline 0.002 -16"><span class='ocrx_word' id='word_1_123' title='bbox 52 1710 175 1765; x_wconf 80' lang='lat' dir='ltr'><strong>dum</strong></span> <span class='ocrx_word' id='word_1_124' title='bbox 206 1722 399 1777; x_wconf 84' lang='lat' dir='ltr'><strong>regem</strong></span> <span class='ocrx_word' id='word_1_125' title='bbox 429 1708 646 1780; x_wconf 89' lang='lat' dir='ltr'><strong>publice</strong></span> <span class='ocrx_word' id='word_1_126' title='bbox 671 1710 728 1764; x_wconf 87' lang='lat' dir='ltr'><strong>in</strong></span> <span class='ocrx_word' id='word_1_127' title='bbox 745 1708 930 1777; x_wconf 81' lang='lat' dir='ltr'><strong>Angiia</strong></span> <span class='ocrx_word' id='word_1_128' title='bbox 958 1707 1244 1765; x_wconf 83' lang='lat' dir='ltr'><strong>hastiludia</strong></span> <span class='ocrx_word' id='word_1_129' title='bbox 1270 1711 1589 1781; x_wconf 80' lang='lat' dir='ltr'><strong>instituisse,</strong></span> <span class='ocrx_word' id='word_1_130' title='bbox 1610 1721 1751 1780; x_wconf 84' lang='lat' dir='ltr'><strong>quae</strong></span> <span class='ocrx_word' id='word_1_131' title='bbox 1779 1716 1932 1781; x_wconf 91' lang='lat' dir='ltr'><strong>pater</strong></span> <span class='ocrx_word' id='word_1_132' title='bbox 1948 1713 2209 1768; x_wconf 81' lang='lat' dir='ltr'><strong>Henricus</strong></span> <span class='ocrx_word' id='word_1_133' title='bbox 2230 1712 2299 1771; x_wconf 87' lang='lat'><strong>11.</strong></span> 
     </span>
     <span class='ocr_line' id='line_1_16' title="bbox 52 1794 2297 1870; baseline 0.002 -17"><span class='ocrx_word' id='word_1_134' title='bbox 52 1801 378 1869; x_wconf 86' lang='lat' dir='ltr'><strong>permittere</strong></span> <span class='ocrx_word' id='word_1_135' title='bbox 402 1797 665 1867; x_wconf 87' lang='lat' dir='ltr'><strong>noluerat,</strong></span> <span class='ocrx_word' id='word_1_136' title='bbox 694 1794 1012 1853; x_wconf 80' lang='lat' dir='ltr'><strong>GuilieImus</strong></span> <span class='ocrx_word' id='word_1_137' title='bbox 1038 1797 1425 1867; x_wconf 84' lang='lat' dir='ltr'><strong>Neubrigensis</strong></span> <span class='ocrx_word' id='word_1_138' title='bbox 1452 1800 1698 1869; x_wconf 84' lang='lat' dir='ltr'><strong>scripsit3</strong></span> <span class='ocrx_word' id='word_1_139' title='bbox 1728 1811 1834 1868; x_wconf 88' lang='lat' dir='ltr'><strong>quo</strong></span> <span class='ocrx_word' id='word_1_140' title='bbox 1863 1804 2107 1870; x_wconf 86' lang='lat' dir='ltr'><strong>tempore</strong></span> <span class='ocrx_word' id='word_1_141' title='bbox 2125 1803 2297 1858; x_wconf 75' lang='lat' dir='ltr'><strong>‚etiam</strong></span> 
     </span>
     <span class='ocr_line' id='line_1_17' title="bbox 52 1883 2169 1958; baseline 0 -15"><span class='ocrx_word' id='word_1_142' title='bbox 52 1886 122 1943; x_wconf 77' lang='lat' dir='ltr'><strong>ab</strong></span> <span class='ocrx_word' id='word_1_143' title='bbox 151 1885 397 1943; x_wconf 79' lang='lat' dir='ltr'><strong>Henrico</strong></span> <span class='ocrx_word' id='word_1_144' title='bbox 424 1885 512 1940; x_wconf 84' lang='lat' dir='ltr'><strong>vl.</strong></span> <span class='ocrx_word' id='word_1_145' title='bbox 540 1887 594 1941; x_wconf 90' lang='lat' dir='ltr'><strong>in</strong></span> <span class='ocrx_word' id='word_1_146' title='bbox 623 1883 905 1941; x_wconf 86' lang='lat' dir='ltr'><strong>Germania</strong></span> <span class='ocrx_word' id='word_1_147' title='bbox 931 1885 1142 1956; x_wconf 85' lang='lat' dir='ltr'><strong>legibus</strong></span> <span class='ocrx_word' id='word_1_148' title='bbox 1171 1889 1571 1958; x_wconf 86' lang='lat' dir='ltr'><strong>circumscripta</strong></span> <span class='ocrx_word' id='word_1_149' title='bbox 1597 1888 1892 1943; x_wconf 79' lang='lat' dir='ltr'><strong>verisimile</strong></span> <span class='ocrx_word' id='word_1_150' title='bbox 1915 1889 2169 1957; x_wconf 77' lang='lat' dir='ltr'><strong>judicavi.</strong></span> 
     </span>
    </p>

    <p class='ocr_par' dir='ltr' id='par_1_4' title="bbox 53 1973 2298 4621">
     <span class='ocr_line' id='line_1_18' title="bbox 203 1973 2296 2047; baseline 0.001 -16"><span class='ocrx_word' id='word_1_151' title='bbox 203 1975 292 2031; x_wconf 87' lang='grc'><strong>18.</strong></span> <span class='ocrx_word' id='word_1_152' title='bbox 365 1974 513 2030; x_wconf 84' lang='lat' dir='ltr'><strong>Idem</strong></span> <span class='ocrx_word' id='word_1_153' title='bbox 536 1977 647 2041; x_wconf 85' lang='lat' dir='ltr'><strong>jam</strong></span> <span class='ocrx_word' id='word_1_154' title='bbox 671 1978 794 2029; x_wconf 89' lang='lat' dir='ltr'><strong>ante</strong></span> <span class='ocrx_word' id='word_1_155' title='bbox 814 1973 1032 2029; x_wconf 76' lang='lat' dir='ltr'><strong>Nicetes</strong></span> <span class='ocrx_word' id='word_1_156' title='bbox 1060 1976 1267 2030; x_wconf 81' lang='lat' dir='ltr'><strong>notavit</strong></span> <span class='ocrx_word' id='word_1_157' title='bbox 1294 1975 1431 2031; x_wconf 88' lang='lat' dir='ltr'><strong>libro</strong></span> <span class='ocrx_word' id='word_1_158' title='bbox 1463 1978 1621 2031; x_wconf 89' lang='lat' dir='ltr'><strong>tertio</strong></span> <span class='ocrx_word' id='word_1_159' title='bbox 1641 1974 1925 2047; x_wconf 86' lang='lat' dir='ltr'><strong>annalium,</strong></span> <span class='ocrx_word' id='word_1_160' title='bbox 1949 1975 2296 2034; x_wconf 87' lang='lat' dir='ltr'><strong>Emanuelem</strong></span> 
     </span>
     <span class='ocr_line' id='line_1_19' title="bbox 53 2057 2298 2133; baseline 0 -14"><span class='ocrx_word' id='word_1_161' title='bbox 53 2062 409 2133; x_wconf 84' lang='lat' dir='ltr'><strong>Comnenum,</strong></span> <span class='ocrx_word' id='word_1_162' title='bbox 451 2060 755 2118; x_wconf 88' lang='lat' dir='ltr'><strong>Latinorum</strong></span> <span class='ocrx_word' id='word_1_163' title='bbox 789 2057 1105 2133; x_wconf 81' lang='lat' dir='ltr'><strong>imitatione,</strong></span> <span class='ocrx_word' id='word_1_164' title='bbox 1147 2077 1284 2133; x_wconf 85' lang='lat' dir='ltr'><strong>quos</strong></span> <span class='ocrx_word' id='word_1_165' title='bbox 1325 2062 1515 2120; x_wconf 85' lang='lat' dir='ltr'><strong>solerti</strong></span> <span class='ocrx_word' id='word_1_166' title='bbox 1553 2063 1823 2120; x_wconf 86' lang='lat' dir='ltr'><strong>hastarum</strong></span> <span class='ocrx_word' id='word_1_167' title='bbox 1850 2067 2166 2122; x_wconf 81' lang='lat' dir='ltr'><strong>tractatione</strong></span> <span class='ocrx_word' id='word_1_168' title='bbox 2196 2081 2298 2123; x_wconf 87' lang='lat' dir='ltr'><strong>ex-</strong></span> 
     </span>
     <span class='ocr_line' id='line_1_20' title="bbox 53 2150 2296 2221; baseline 0.001 -13"><span class='ocrx_word' id='word_1_169' title='bbox 53 2152 269 2208; x_wconf 72' lang='lat' dir='ltr'><strong>cellere</strong></span> <span class='ocrx_word' id='word_1_170' title='bbox 285 2150 518 2221; x_wconf 81' lang='lat' dir='ltr'><strong>videbat,</strong></span> <span class='ocrx_word' id='word_1_171' title='bbox 546 2151 805 2208; x_wconf 86' lang='lat' dir='ltr'><strong>ludicrum</strong></span> <span class='ocrx_word' id='word_1_172' title='bbox 826 2155 1093 2207; x_wconf 86' lang='lat' dir='ltr'><strong>certamen</strong></span> <span class='ocrx_word' id='word_1_173' title='bbox 1122 2151 1390 2208; x_wconf 87' lang='lat' dir='ltr'><strong>hastarum</strong></span> <span class='ocrx_word' id='word_1_174' title='bbox 1401 2153 1529 2208; x_wconf 82' lang='lat' dir='ltr'><strong>&#39;sine</strong></span> <span class='ocrx_word' id='word_1_175' title='bbox 1548 2152 1692 2208; x_wconf 87' lang='lat' dir='ltr'><strong>i&#39;erro</strong></span> <span class='ocrx_word' id='word_1_176' title='bbox 1711 2155 2022 2210; x_wconf 76' lang='lat' dir='ltr'><strong>Antiochiae</strong></span> <span class='ocrx_word' id='word_1_177' title='bbox 2041 2155 2296 2212; x_wconf 87' lang='lat' dir='ltr'><strong>edidisse.</strong></span> 
     </span>
     <span class='ocr_line' id='line_1_21' title="bbox 61 2239 2297 2316; baseline 0 -19"><span class='ocrx_word' id='word_1_178' title='bbox 61 2240 397 2297; x_wconf 85' lang='lat' dir='ltr'><strong>Concursum</strong></span> <span class='ocrx_word' id='word_1_179' title='bbox 436 2240 763 2296; x_wconf 84' lang='lat' dir='ltr'><strong>hastatorum</strong></span> <span class='ocrx_word' id='word_1_180' title='bbox 790 2239 1062 2297; x_wconf 83' lang='lat' dir='ltr'><strong>Johannes</strong></span> <span class='ocrx_word' id='word_1_181' title='bbox 1091 2241 1499 2297; x_wconf 85' lang='lat' dir='ltr'><strong>Cantacuzenus</strong></span> <span class='ocrx_word' id='word_1_182' title='bbox 1538 2242 1829 2313; x_wconf 88' lang='lat' dir='ltr'><strong>imperator</strong></span> <span class='ocrx_word' id='word_1_183' title='bbox 1862 2240 1956 2298; x_wconf 83' lang='lat' dir='ltr'><strong>lih&#39;.</strong></span> <span class='ocrx_word' id='word_1_184' title='bbox 1976 2242 2018 2299; x_wconf 90' lang='lat'><strong>1.</strong></span> <span class='ocrx_word' id='word_1_185' title='bbox 2047 2248 2297 2316; x_wconf 75' lang='grc' dir='ltr'><strong><em>τζεςρίαν</em></strong></span> 
     </span>
     <span class='ocr_line' id='line_1_22' title="bbox 53 2328 2294 2404; baseline 0.001 -20"><span class='ocrx_word' id='word_1_186' title='bbox 53 2332 294 2401; x_wconf 65' lang='lat' dir='ltr'><strong>-vocavit,</strong></span> <span class='ocrx_word' id='word_1_187' title='bbox 336 2328 597 2397; x_wconf 87' lang='lat' dir='ltr'><strong>Gregoras</strong></span> <span class='ocrx_word' id='word_1_188' title='bbox 625 2328 717 2384; x_wconf 88' lang='lat' dir='ltr'><strong>lib.</strong></span> <span class='ocrx_word' id='word_1_189' title='bbox 737 2329 800 2385; x_wconf 86' lang='lat' dir='ltr'><strong>X.</strong></span> <span class='ocrx_word' id='word_1_190' title='bbox 825 2330 1157 2400; x_wconf 89' lang='lat' dir='ltr'><strong>Nicephoras</strong></span> <span class='ocrx_word' id='word_1_191' title='bbox 1195 2338 1404 2404; x_wconf 65' lang='lat' dir='ltr'><strong>tgegpa,</strong></span> <span class='ocrx_word' id='word_1_192' title='bbox 1448 2329 1626 2387; x_wconf 78' lang='lat' dir='ltr'><strong>fassus</strong></span> <span class='ocrx_word' id='word_1_193' title='bbox 1662 2336 1906 2402; x_wconf 87' lang='lat' dir='ltr'><strong>uterque,</strong></span> <span class='ocrx_word' id='word_1_194' title='bbox 1935 2347 1967 2387; x_wconf 91' lang='lat' dir='ltr'><strong>a</strong></span> <span class='ocrx_word' id='word_1_195' title='bbox 1994 2329 2198 2388; x_wconf 90' lang='lat' dir='ltr'><strong>Latinis</strong></span> <span class='ocrx_word' id='word_1_196' title='bbox 2227 2331 2294 2387; x_wconf 81' lang='lat' dir='ltr'><strong>ad</strong></span> 
     </span>
     <span class='ocr_line' id='line_1_23' title="bbox 53 2418 2294 2491; baseline 0 -17"><span class='ocrx_word' id='word_1_197' title='bbox 53 2418 304 2474; x_wconf 70' lang='lat' dir='ltr'><strong>÷Graecos</strong></span> <span class='ocrx_word' id='word_1_198' title='bbox 330 2419 563 2474; x_wconf 82' lang='lat' dir='ltr'><strong>venisse.</strong></span> <span class='ocrx_word' id='word_1_199' title='bbox 616 2418 890 2473; x_wconf 85' lang='lat' dir='ltr'><strong>Consonat</strong></span> <span class='ocrx_word' id='word_1_200' title='bbox 916 2419 1156 2474; x_wconf 88' lang='lat' dir='ltr'><strong>Italicum</strong></span> <span class='ocrx_word' id='word_1_201' title='bbox 1185 2422 1463 2489; x_wconf 87' lang='lat' dir='ltr'><strong>giostrare,</strong></span> <span class='ocrx_word' id='word_1_202' title='bbox 1492 2419 1753 2477; x_wconf 86' lang='lat' dir='ltr'><strong>Gallicum</strong></span> <span class='ocrx_word' id='word_1_203' title='bbox 1775 2424 2032 2491; x_wconf 78' lang='lat' dir='ltr'><strong>Joustare,</strong></span> <span class='ocrx_word' id='word_1_204' title='bbox 2062 2421 2294 2491; x_wconf 80' lang='lat' dir='ltr'><strong>antiquis</strong></span> 
     </span>
     <span class='ocr_line' id='line_1_24' title="bbox 71 2505 2296 2582; baseline 0.002 -21"><span class='ocrx_word' id='word_1_205' title='bbox 71 2505 441 2563; x_wconf 84' lang='lat' dir='ltr'><strong>Germanorum</strong></span> <span class='ocrx_word' id='word_1_206' title='bbox 458 2508 635 2577; x_wconf 90' lang='lat' dir='ltr'><strong>poetis</strong></span> <span class='ocrx_word' id='word_1_207' title='bbox 657 2507 919 2578; x_wconf 77' lang='lat' dir='ltr'><strong>„justen“,</strong></span> <span class='ocrx_word' id='word_1_208' title='bbox 938 2507 1233 2563; x_wconf 88' lang='lat' dir='ltr'><strong>Salmasius</strong></span> <span class='ocrx_word' id='word_1_209' title='bbox 1255 2507 1320 2563; x_wconf 87' lang='lat' dir='ltr'><strong>ad</strong></span> <span class='ocrx_word' id='word_1_210' title='bbox 1340 2507 1615 2564; x_wconf 85' lang='lat' dir='ltr'><strong>historiam</strong></span> <span class='ocrx_word' id='word_1_211' title='bbox 1632 2514 1925 2580; x_wconf 76' lang='lat' dir='ltr'><strong>angustam,</strong></span> <span class='ocrx_word' id='word_1_212' title='bbox 1954 2510 2194 2582; x_wconf 74' lang='grc' dir='ltr'><strong><em>διώςραν</em></strong></span> <span class='ocrx_word' id='word_1_213' title='bbox 2216 2510 2296 2565; x_wconf 86' lang='lat' dir='ltr'><strong>ait</strong></span> 
     </span>
     <span class='ocr_line' id='line_1_25' title="bbox 70 2594 2297 2667; baseline 0 -17"><span class='ocrx_word' id='word_1_214' title='bbox 70 2600 284 2650; x_wconf 74' lang='lat' dir='ltr'><strong>veteres</strong></span> <span class='ocrx_word' id='word_1_215' title='bbox 323 2596 451 2665; x_wconf 85' lang='lat' dir='ltr'><strong>(sed</strong></span> <span class='ocrx_word' id='word_1_216' title='bbox 479 2609 699 2666; x_wconf 88' lang='lat' dir='ltr'><strong>quorum</strong></span> <span class='ocrx_word' id='word_1_217' title='bbox 725 2596 849 2650; x_wconf 88' lang='lat' dir='ltr'><strong>loca</strong></span> <span class='ocrx_word' id='word_1_218' title='bbox 887 2610 996 2651; x_wconf 89' lang='lat' dir='ltr'><strong>non</strong></span> <span class='ocrx_word' id='word_1_219' title='bbox 1024 2594 1205 2662; x_wconf 77' lang='lat' dir='ltr'><strong>affert)</strong></span> <span class='ocrx_word' id='word_1_220' title='bbox 1249 2595 1445 2652; x_wconf 87' lang='lat' dir='ltr'><strong>luctam</strong></span> <span class='ocrx_word' id='word_1_221' title='bbox 1474 2597 1695 2665; x_wconf 81' lang='lat' dir='ltr'><strong>dixisse,</strong></span> <span class='ocrx_word' id='word_1_222' title='bbox 1735 2600 1842 2651; x_wconf 73' lang='grc' dir='ltr'><strong>ἀπὸ</strong></span> <span class='ocrx_word' id='word_1_223' title='bbox 1866 2604 1929 2653; x_wconf 73' lang='grc' dir='ltr'><strong>τῦ</strong></span> <span class='ocrx_word' id='word_1_224' title='bbox 1955 2599 2199 2667; x_wconf 73' lang='grc' dir='ltr'><strong>διωθεῖν,</strong></span> <span class='ocrx_word' id='word_1_225' title='bbox 2235 2600 2297 2651; x_wconf 83' lang='lat' dir='ltr'><strong>ut</strong></span> 
     </span>
     <span class='ocr_line' id='line_1_26' title="bbox 69 2682 2295 2756; baseline 0 -19"><span class='ocrx_word' id='word_1_226' title='bbox 69 2686 266 2755; x_wconf 66' lang='grc' dir='ltr'><strong>ἑξώςρα</strong></span> <span class='ocrx_word' id='word_1_227' title='bbox 294 2682 359 2737; x_wconf 86' lang='lat' dir='ltr'><strong>ab</strong></span> <span class='ocrx_word' id='word_1_228' title='bbox 385 2685 630 2747; x_wconf 69' lang='grc' dir='ltr'><strong>ἐξωθετνε</strong></span> <span class='ocrx_word' id='word_1_229' title='bbox 676 2684 802 2737; x_wconf 83' lang='lat' dir='ltr'><strong>inde</strong></span> <span class='ocrx_word' id='word_1_230' title='bbox 831 2682 1069 2737; x_wconf 82' lang='lat' dir='ltr'><strong>Graecos</strong></span> <span class='ocrx_word' id='word_1_231' title='bbox 1109 2686 1441 2739; x_wconf 79' lang='lat' dir='ltr'><strong>recentiores</strong></span> <span class='ocrx_word' id='word_1_232' title='bbox 1470 2691 1678 2756; x_wconf 68' lang='grc' dir='ltr'><strong><em>ζῶςραν</em></strong></span> <span class='ocrx_word' id='word_1_233' title='bbox 1706 2683 1922 2753; x_wconf 76' lang='lat' dir='ltr'><strong>fecisse,</strong></span> <span class='ocrx_word' id='word_1_234' title='bbox 1964 2683 2108 2752; x_wconf 86' lang='lat' dir='ltr'><strong>quod</strong></span> <span class='ocrx_word' id='word_1_235' title='bbox 2134 2685 2295 2751; x_wconf 83' lang='lat' dir='ltr'><strong>inge-</strong></span> 
     </span>
     <span class='ocr_line' id='line_1_27' title="bbox 73 2766 2293 2843; baseline -0 -15"><span class='ocrx_word' id='word_1_236' title='bbox 73 2775 281 2829; x_wconf 78' lang='lat' dir='ltr'><strong>niosum</strong></span> <span class='ocrx_word' id='word_1_237' title='bbox 307 2772 444 2843; x_wconf 90' lang='lat' dir='ltr'><strong>iicet,</strong></span> <span class='ocrx_word' id='word_1_238' title='bbox 471 2773 646 2826; x_wconf 88' lang='lat' dir='ltr'><strong>minus</strong></span> <span class='ocrx_word' id='word_1_239' title='bbox 663 2770 958 2827; x_wconf 76' lang='lat' dir='ltr'><strong>verisimile</strong></span> <span class='ocrx_word' id='word_1_240' title='bbox 987 2775 1086 2843; x_wconf 88' lang='lat' dir='ltr'><strong>est,</strong></span> <span class='ocrx_word' id='word_1_241' title='bbox 1116 2770 1348 2826; x_wconf 85' lang='lat' dir='ltr'><strong>Graecos</strong></span> <span class='ocrx_word' id='word_1_242' title='bbox 1367 2769 1597 2838; x_wconf 85' lang='lat' dir='ltr'><strong>scilicet,</strong></span> <span class='ocrx_word' id='word_1_243' title='bbox 1621 2771 1667 2822; x_wconf 91' lang='lat' dir='ltr'><strong>si</strong></span> <span class='ocrx_word' id='word_1_244' title='bbox 1695 2782 1809 2824; x_wconf 88' lang='lat' dir='ltr'><strong>rem</strong></span> <span class='ocrx_word' id='word_1_245' title='bbox 1837 2784 1870 2823; x_wconf 92' lang='lat' dir='ltr'><strong>a</strong></span> <span class='ocrx_word' id='word_1_246' title='bbox 1896 2766 2099 2824; x_wconf 87' lang='lat' dir='ltr'><strong>Latinis</strong></span> <span class='ocrx_word' id='word_1_247' title='bbox 2128 2783 2293 2827; x_wconf 87' lang='lat' dir='ltr'><strong>acce-</strong></span> 
     </span>
     <span class='ocr_line' id='line_1_28' title="bbox 75 2857 2293 2934; baseline -0.001 -17"><span class='ocrx_word' id='word_1_248' title='bbox 75 2875 222 2934; x_wconf 82' lang='lat' dir='ltr'><strong>pere,</strong></span> <span class='ocrx_word' id='word_1_249' title='bbox 260 2860 404 2916; x_wconf 87' lang='lat' dir='ltr'><strong>Italis</strong></span> <span class='ocrx_word' id='word_1_250' title='bbox 441 2874 638 2916; x_wconf 91' lang='lat' dir='ltr'><strong>nomen</strong></span> <span class='ocrx_word' id='word_1_251' title='bbox 680 2860 912 2914; x_wconf 85' lang='lat' dir='ltr'><strong>dedisse.</strong></span> <span class='ocrx_word' id='word_1_252' title='bbox 979 2858 1256 2928; x_wconf 80' lang='lat' dir='ltr'><strong>Men‘agius</strong></span> <span class='ocrx_word' id='word_1_253' title='bbox 1297 2871 1426 2926; x_wconf 83' lang='lat' dir='ltr'><strong>ergo</strong></span> <span class='ocrx_word' id='word_1_254' title='bbox 1460 2860 1636 2926; x_wconf 83' lang='lat' dir='ltr'><strong>justas</strong></span> <span class='ocrx_word' id='word_1_255' title='bbox 1678 2857 1849 2912; x_wconf 83' lang='lat' dir='ltr'><strong>dictas</strong></span> <span class='ocrx_word' id='word_1_256' title='bbox 1889 2861 2041 2927; x_wconf 88' lang='lat' dir='ltr'><strong>putat</strong></span> <span class='ocrx_word' id='word_1_257' title='bbox 2077 2860 2230 2929; x_wconf 85' lang='lat' dir='ltr'><strong>quasi</strong></span> <span class='ocrx_word' id='word_1_258' title='bbox 2259 2874 2293 2915; x_wconf 88' lang='lat' dir='ltr'><strong>a</strong></span> 
     </span>
     <span class='ocr_line' id='line_1_29' title="bbox 78 2944 2291 3022; baseline -0.001 -16"><span class='ocrx_word' id='word_1_259' title='bbox 78 2955 218 3022; x_wconf 80' lang='lat' dir='ltr'><strong>justo</strong></span> <span class='ocrx_word' id='word_1_260' title='bbox 246 2951 545 3005; x_wconf 83' lang='lat' dir='ltr'><strong>certamine.</strong></span> <span class='ocrx_word' id='word_1_261' title='bbox 607 2949 822 3019; x_wconf 70' lang='lat' dir='ltr'><strong>Sylvius</strong></span> <span class='ocrx_word' id='word_1_262' title='bbox 850 2948 1062 3019; x_wconf 86' lang='lat' dir='ltr'><strong>quidam</strong></span> <span class='ocrx_word' id='word_1_263' title='bbox 1091 2947 1229 3016; x_wconf 91' lang='lat' dir='ltr'><strong>apud</strong></span> <span class='ocrx_word' id='word_1_264' title='bbox 1257 2948 1449 3018; x_wconf 89' lang='lat' dir='ltr'><strong>ipsum,</strong></span> <span class='ocrx_word' id='word_1_265' title='bbox 1475 2944 1643 3002; x_wconf 87' lang='lat' dir='ltr'><strong>Gallis</strong></span> <span class='ocrx_word' id='word_1_266' title='bbox 1664 2948 1898 3017; x_wconf 80' lang='lat' dir='ltr'><strong>Jouxtas,</strong></span> <span class='ocrx_word' id='word_1_267' title='bbox 1928 2946 2070 3015; x_wconf 85' lang='lat' dir='ltr'><strong>quod</strong></span> <span class='ocrx_word' id='word_1_268' title='bbox 2099 2946 2291 3003; x_wconf 81' lang='lat' dir='ltr'><strong>conili-</strong></span> 
     </span>
     <span class='ocr_line' id='line_1_30' title="bbox 83 3033 2289 3108; baseline -0.001 -14"><span class='ocrx_word' id='word_1_269' title='bbox 83 3043 262 3107; x_wconf 81' lang='lat' dir='ltr'><strong>gentes</strong></span> <span class='ocrx_word' id='word_1_270' title='bbox 291 3037 388 3092; x_wconf 87' lang='lat' dir='ltr'><strong>sibi</strong></span> <span class='ocrx_word' id='word_1_271' title='bbox 411 3043 563 3108; x_wconf 77' lang='lat' dir='ltr'><strong>juxta</strong></span> <span class='ocrx_word' id='word_1_272' title='bbox 590 3043 802 3094; x_wconf 84' lang='lat' dir='ltr'><strong>essent:</strong></span> <span class='ocrx_word' id='word_1_273' title='bbox 849 3037 1178 3093; x_wconf 81' lang='lat' dir='ltr'><strong>Casanovius</strong></span> <span class='ocrx_word' id='word_1_274' title='bbox 1208 3051 1240 3090; x_wconf 94' lang='lat' dir='ltr'><strong>a</strong></span> <span class='ocrx_word' id='word_1_275' title='bbox 1264 3034 1552 3105; x_wconf 76' lang='lat' dir='ltr'><strong>jungendo,</strong></span> <span class='ocrx_word' id='word_1_276' title='bbox 1596 3034 1738 3105; x_wconf 87' lang='lat' dir='ltr'><strong>quod</strong></span> <span class='ocrx_word' id='word_1_277' title='bbox 1767 3033 1885 3089; x_wconf 81' lang='lat' dir='ltr'><strong>sere</strong></span> <span class='ocrx_word' id='word_1_278' title='bbox 1913 3035 2105 3090; x_wconf 89' lang='lat' dir='ltr'><strong>eodem</strong></span> <span class='ocrx_word' id='word_1_279' title='bbox 2130 3036 2289 3092; x_wconf 88' lang='lat' dir='ltr'><strong>redit.</strong></span> 
     </span>
     <span class='ocr_line' id='line_1_31' title="bbox 81 3122 2289 3197; baseline -0.001 -13"><span class='ocrx_word' id='word_1_280' title='bbox 81 3129 195 3184; x_wconf 75' lang='lat' dir='ltr'><strong>Fuit</strong></span> <span class='ocrx_word' id='word_1_281' title='bbox 221 3141 333 3183; x_wconf 89' lang='lat' dir='ltr'><strong>cum</strong></span> <span class='ocrx_word' id='word_1_282' title='bbox 360 3131 661 3197; x_wconf 87' lang='lat' dir='ltr'><strong>suspicarer</strong></span> <span class='ocrx_word' id='word_1_283' title='bbox 686 3129 942 3196; x_wconf 85' lang='lat' dir='ltr'><strong>giostrum</strong></span> <span class='ocrx_word' id='word_1_284' title='bbox 970 3129 1027 3181; x_wconf 91' lang='lat' dir='ltr'><strong>et</strong></span> <span class='ocrx_word' id='word_1_285' title='bbox 1063 3128 1331 3193; x_wconf 82' lang='lat' dir='ltr'><strong>joustrare</strong></span> <span class='ocrx_word' id='word_1_286' title='bbox 1360 3139 1392 3179; x_wconf 91' lang='lat' dir='ltr'><strong>a</strong></span> <span class='ocrx_word' id='word_1_287' title='bbox 1421 3123 1657 3179; x_wconf 86' lang='lat' dir='ltr'><strong>claustro</strong></span> <span class='ocrx_word' id='word_1_288' title='bbox 1697 3136 1839 3194; x_wconf 89' lang='lat' dir='ltr'><strong>esse,</strong></span> <span class='ocrx_word' id='word_1_289' title='bbox 1880 3122 1934 3177; x_wconf 90' lang='lat' dir='ltr'><strong>id</strong></span> <span class='ocrx_word' id='word_1_290' title='bbox 1976 3126 2062 3179; x_wconf 89' lang='lat' dir='ltr'><strong>est</strong></span> <span class='ocrx_word' id='word_1_291' title='bbox 2103 3124 2289 3181; x_wconf 85' lang='lat' dir='ltr'><strong>clauso</strong></span> 
     </span>
     <span class='ocr_line' id='line_1_32' title="bbox 88 3210 2290 3288; baseline -0.002 -16"><span class='ocrx_word' id='word_1_292' title='bbox 88 3231 282 3288; x_wconf 80' lang='lat' dir='ltr'><strong>campo,</strong></span> <span class='ocrx_word' id='word_1_293' title='bbox 300 3219 431 3271; x_wconf 84' lang='lat' dir='ltr'><strong>intra</strong></span> <span class='ocrx_word' id='word_1_294' title='bbox 445 3230 602 3286; x_wconf 89' lang='lat' dir='ltr'><strong>quem</strong></span> <span class='ocrx_word' id='word_1_295' title='bbox 617 3220 915 3287; x_wconf 73' lang='lat' dir='ltr'><strong>pugnantes</strong></span> <span class='ocrx_word' id='word_1_296' title='bbox 936 3212 1342 3270; x_wconf 85' lang='lat' dir='ltr'><strong>coercebantur:</strong></span> <span class='ocrx_word' id='word_1_297' title='bbox 1363 3212 1506 3268; x_wconf 89' lang='lat' dir='ltr'><strong>unde</strong></span> <span class='ocrx_word' id='word_1_298' title='bbox 1524 3211 1828 3284; x_wconf 80' lang='lat' dir='ltr'><strong>„chiostro“</strong></span> <span class='ocrx_word' id='word_1_299' title='bbox 1847 3210 2015 3282; x_wconf 85' lang='lat' dir='ltr'><strong>Italis,</strong></span> <span class='ocrx_word' id='word_1_300' title='bbox 2032 3214 2137 3269; x_wconf 88' lang='lat' dir='ltr'><strong>uta</strong></span> <span class='ocrx_word' id='word_1_301' title='bbox 2151 3214 2290 3269; x_wconf 83' lang='lat' dir='ltr'><strong>clavi</strong></span> 
     </span>
     <span class='ocr_line' id='line_1_33' title="bbox 91 3300 2286 3378; baseline -0 -18"><span class='ocrx_word' id='word_1_302' title='bbox 91 3306 342 3378; x_wconf 76' lang='lat' dir='ltr'><strong>„chiave“‚</strong></span> <span class='ocrx_word' id='word_1_303' title='bbox 367 3320 435 3360; x_wconf 91' lang='lat' dir='ltr'><strong>ne</strong></span> <span class='ocrx_word' id='word_1_304' title='bbox 464 3306 568 3362; x_wconf 86' lang='lat' dir='ltr'><strong>alia</strong></span> <span class='ocrx_word' id='word_1_305' title='bbox 595 3319 914 3371; x_wconf 83' lang='lat' dir='ltr'><strong>memorem3</strong></span> <span class='ocrx_word' id='word_1_306' title='bbox 944 3304 1303 3374; x_wconf 84' lang='lat' dir='ltr'><strong>pronuntiatio</strong></span> <span class='ocrx_word' id='word_1_307' title='bbox 1334 3304 1476 3356; x_wconf 87' lang='lat' dir='ltr'><strong>enim</strong></span> <span class='ocrx_word' id='word_1_308' title='bbox 1504 3301 1615 3357; x_wconf 89' lang='lat' dir='ltr'><strong>illis</strong></span> <span class='ocrx_word' id='word_1_309' title='bbox 1643 3300 1758 3356; x_wconf 79' lang='lat' dir='ltr'><strong>i&#39;ere</strong></span> <span class='ocrx_word' id='word_1_310' title='bbox 1790 3305 1873 3356; x_wconf 89' lang='lat' dir='ltr'><strong>est</strong></span> <span class='ocrx_word' id='word_1_311' title='bbox 1894 3300 2286 3372; x_wconf 83' lang='lat' dir='ltr'><strong>„dschiostro“.</strong></span> 
     </span>
     <span class='ocr_line' id='line_1_34' title="bbox 220 3390 2289 3459; baseline -0.003 -9"><span class='ocrx_word' id='word_1_312' title='bbox 220 3394 301 3451; x_wconf 83' lang='grc'><strong>19.</strong></span> <span class='ocrx_word' id='word_1_313' title='bbox 368 3393 648 3450; x_wconf 86' lang='lat' dir='ltr'><strong>Caeterum</strong></span> <span class='ocrx_word' id='word_1_314' title='bbox 692 3409 809 3448; x_wconf 89' lang='lat' dir='ltr'><strong>cum</strong></span> <span class='ocrx_word' id='word_1_315' title='bbox 848 3407 955 3449; x_wconf 86' lang='lat' dir='ltr'><strong>non</strong></span> <span class='ocrx_word' id='word_1_316' title='bbox 996 3407 1117 3448; x_wconf 90' lang='lat' dir='ltr'><strong>raro</strong></span> <span class='ocrx_word' id='word_1_317' title='bbox 1160 3393 1303 3446; x_wconf 84' lang='lat' dir='ltr'><strong>seria</strong></span> <span class='ocrx_word' id='word_1_318' title='bbox 1343 3392 1484 3446; x_wconf 86' lang='lat' dir='ltr'><strong>maia</strong></span> <span class='ocrx_word' id='word_1_319' title='bbox 1524 3405 1592 3446; x_wconf 84' lang='lat' dir='ltr'><strong>ex</strong></span> <span class='ocrx_word' id='word_1_320' title='bbox 1631 3390 1759 3446; x_wconf 89' lang='lat' dir='ltr'><strong>ludo</strong></span> <span class='ocrx_word' id='word_1_321' title='bbox 1812 3393 2176 3459; x_wconf 87' lang='lat' dir='ltr'><strong>nascerentur,</strong></span> <span class='ocrx_word' id='word_1_322' title='bbox 2232 3393 2289 3446; x_wconf 88' lang='lat' dir='ltr'><strong>et</strong></span> 
     </span>
     <span class='ocr_line' id='line_1_35' title="bbox 93 3478 2284 3553; baseline -0.003 -15"><span class='ocrx_word' id='word_1_323' title='bbox 93 3484 288 3553; x_wconf 84' lang='lat' dir='ltr'><strong>quidam</strong></span> <span class='ocrx_word' id='word_1_324' title='bbox 317 3495 436 3538; x_wconf 84' lang='lat' dir='ltr'><strong>casu</strong></span> <span class='ocrx_word' id='word_1_325' title='bbox 478 3489 567 3539; x_wconf 87' lang='lat' dir='ltr'><strong>aut</strong></span> <span class='ocrx_word' id='word_1_326' title='bbox 607 3483 807 3538; x_wconf 88' lang='lat' dir='ltr'><strong>malitia</strong></span> <span class='ocrx_word' id='word_1_327' title='bbox 834 3487 1056 3537; x_wconf 90' lang='lat' dir='ltr'><strong>mortem</strong></span> <span class='ocrx_word' id='word_1_328' title='bbox 1085 3483 1421 3551; x_wconf 88' lang='lat' dir='ltr'><strong>oppeterent,</strong></span> <span class='ocrx_word' id='word_1_329' title='bbox 1465 3478 1555 3533; x_wconf 81' lang='lat' dir='ltr'><strong>vel</strong></span> <span class='ocrx_word' id='word_1_330' title='bbox 1596 3481 1830 3547; x_wconf 79' lang='lat' dir='ltr'><strong>graviter</strong></span> <span class='ocrx_word' id='word_1_331' title='bbox 1852 3478 2284 3534; x_wconf 81' lang='lat' dir='ltr'><strong>vulnerarentur:</strong></span> 
     </span>
     <span class='ocr_line' id='line_1_36' title="bbox 93 3567 2283 3642; baseline -0.003 -15"><span class='ocrx_word' id='word_1_332' title='bbox 93 3572 297 3628; x_wconf 80' lang='lat' dir='ltr'><strong>Romani</strong></span> <span class='ocrx_word' id='word_1_333' title='bbox 333 3572 611 3642; x_wconf 81' lang='lat' dir='ltr'><strong>pontifices</strong></span> <span class='ocrx_word' id='word_1_334' title='bbox 652 3567 854 3642; x_wconf 88' lang='lat' dir='ltr'><strong>aliique</strong></span> <span class='ocrx_word' id='word_1_335' title='bbox 883 3570 1126 3641; x_wconf 82' lang='lat' dir='ltr'><strong>episcopi</strong></span> <span class='ocrx_word' id='word_1_336' title='bbox 1165 3567 1452 3624; x_wconf 85' lang='lat' dir='ltr'><strong>hastiludia</strong></span> <span class='ocrx_word' id='word_1_337' title='bbox 1478 3567 1818 3639; x_wconf 85' lang='lat' dir='ltr'><strong>prohibuere,</strong></span> <span class='ocrx_word' id='word_1_338' title='bbox 1860 3567 2021 3621; x_wconf 86' lang='lat' dir='ltr'><strong>etiam</strong></span> <span class='ocrx_word' id='word_1_339' title='bbox 2063 3579 2283 3622; x_wconf 82' lang='lat' dir='ltr'><strong>excom·-</strong></span> 
     </span>
     <span class='ocr_line' id='line_1_37' title="bbox 93 3649 2284 3731; baseline -0.004 -14"><span class='ocrx_word' id='word_1_340' title='bbox 93 3662 473 3717; x_wconf 83' lang='lat' dir='ltr'><strong>municationem</strong></span> <span class='ocrx_word' id='word_1_341' title='bbox 494 3663 837 3719; x_wconf 88' lang='lat' dir='ltr'><strong>interminati.</strong></span> <span class='ocrx_word' id='word_1_342' title='bbox 891 3661 1079 3731; x_wconf 87' lang='lat' dir='ltr'><strong>Itaque</strong></span> <span class='ocrx_word' id='word_1_343' title='bbox 1102 3671 1217 3712; x_wconf 91' lang='lat' dir='ltr'><strong>cnm</strong></span> <span class='ocrx_word' id='word_1_344' title='bbox 1247 3670 1387 3712; x_wconf 88' lang='lat' dir='ltr'><strong>anno</strong></span> <span class='ocrx_word' id='word_1_345' title='bbox 1416 3655 1629 3712; x_wconf 87' lang='lat' dir='ltr'><strong>Domini</strong></span> <span class='ocrx_word' id='word_1_346' title='bbox 1655 3658 1795 3712; x_wconf 80' lang='grc'><strong>1175</strong></span> <span class='ocrx_word' id='word_1_347' title='bbox 1823 3649 2114 3724; x_wconf 81' lang='lat' dir='ltr'><strong>conradus,</strong></span> <span class='ocrx_word' id='word_1_348' title='bbox 2142 3651 2284 3709; x_wconf 81' lang='lat' dir='ltr'><strong>iilius</strong></span> 
     </span>
     <span class='ocr_line' id='line_1_38' title="bbox 95 3743 2283 3817; baseline -0.003 -12"><span class='ocrx_word' id='word_1_349' title='bbox 95 3750 383 3805; x_wconf 78' lang='lat' dir='ltr'><strong>Theoderici</strong></span> <span class='ocrx_word' id='word_1_350' title='bbox 408 3751 725 3806; x_wconf 89' lang='lat' dir='ltr'><strong>marchionis</strong></span> <span class='ocrx_word' id='word_1_351' title='bbox 751 3750 992 3817; x_wconf 80' lang='lat' dir='ltr'><strong>Misniae,</strong></span> <span class='ocrx_word' id='word_1_352' title='bbox 1033 3750 1087 3802; x_wconf 88' lang='lat' dir='ltr'><strong>in</strong></span> <span class='ocrx_word' id='word_1_353' title='bbox 1129 3748 1388 3802; x_wconf 85' lang='lat' dir='ltr'><strong>exercitio</strong></span> <span class='ocrx_word' id='word_1_354' title='bbox 1427 3745 1640 3801; x_wconf 86' lang='lat' dir='ltr'><strong>militari</strong></span> <span class='ocrx_word' id='word_1_355' title='bbox 1675 3744 1902 3799; x_wconf 80' lang='lat' dir='ltr'><strong>lanceae</strong></span> <span class='ocrx_word' id='word_1_356' title='bbox 1928 3743 2039 3795; x_wconf 86' lang='lat' dir='ltr'><strong>ictu</strong></span> <span class='ocrx_word' id='word_1_357' title='bbox 2065 3743 2283 3798; x_wconf 85' lang='lat' dir='ltr'><strong>occisus</strong></span> 
     </span>
     <span class='ocr_line' id='line_1_39' title="bbox 98 3831 2286 3910; baseline -0.004 -17"><span class='ocrx_word' id='word_1_358' title='bbox 98 3842 244 3910; x_wconf 85' lang='lat' dir='ltr'><strong>esset,</strong></span> <span class='ocrx_word' id='word_1_359' title='bbox 269 3837 634 3894; x_wconf 81' lang='lat' dir='ltr'><strong>wichmannus</strong></span> <span class='ocrx_word' id='word_1_360' title='bbox 659 3837 1132 3907; x_wconf 71' lang='lat' dir='ltr'><strong>magdeburgensis</strong></span> <span class='ocrx_word' id='word_1_361' title='bbox 1152 3837 1442 3905; x_wconf 79' lang='lat' dir='ltr'><strong>episcopus</strong></span> <span class='ocrx_word' id='word_1_362' title='bbox 1458 3833 1772 3902; x_wconf 51' lang='lat' dir='ltr'><strong>,collusores</strong></span> <span class='ocrx_word' id='word_1_363' title='bbox 1796 3831 2286 3886; x_wconf 81' lang='lat' dir='ltr'><strong>excommunicatos</strong></span> 
     </span>
     <span class='ocr_line' id='line_1_40' title="bbox 99 3918 2285 3999; baseline -0.004 -19"><span class='ocrx_word' id='word_1_364' title='bbox 99 3926 421 3994; x_wconf 83' lang='lat' dir='ltr'><strong>denuntiavit3</strong></span> <span class='ocrx_word' id='word_1_365' title='bbox 461 3941 639 3999; x_wconf 88' lang='lat' dir='ltr'><strong>neque</strong></span> <span class='ocrx_word' id='word_1_366' title='bbox 681 3932 770 3982; x_wconf 87' lang='lat' dir='ltr'><strong>aut</strong></span> <span class='ocrx_word' id='word_1_367' title='bbox 810 3927 935 3983; x_wconf 90' lang='lat' dir='ltr'><strong>illos</strong></span> <span class='ocrx_word' id='word_1_368' title='bbox 977 3924 1224 3996; x_wconf 77' lang='lat' dir='ltr'><strong>absolvit,</strong></span> <span class='ocrx_word' id='word_1_369' title='bbox 1265 3929 1356 3981; x_wconf 85' lang='lat' dir='ltr'><strong>aut</strong></span> <span class='ocrx_word' id='word_1_370' title='bbox 1384 3924 1597 3993; x_wconf 88' lang='lat' dir='ltr'><strong>corpori</strong></span> <span class='ocrx_word' id='word_1_371' title='bbox 1632 3920 1801 3976; x_wconf 87' lang='lat' dir='ltr'><strong>occisi</strong></span> <span class='ocrx_word' id='word_1_372' title='bbox 1842 3918 2168 3988; x_wconf 87' lang='lat' dir='ltr'><strong>sepulturam</strong></span> <span class='ocrx_word' id='word_1_373' title='bbox 2194 3918 2285 3973; x_wconf 90' lang='lat' dir='ltr'><strong>in·-</strong></span> 
     </span>
     <span class='ocr_line' id='line_1_41' title="bbox 101 4005 2285 4089; baseline -0.004 -18"><span class='ocrx_word' id='word_1_374' title='bbox 101 4016 259 4089; x_wconf 84' lang='lat' dir='ltr'><strong>dnlsit,</strong></span> <span class='ocrx_word' id='word_1_375' title='bbox 306 4017 467 4073; x_wconf 90' lang='lat' dir='ltr'><strong>donec</strong></span> <span class='ocrx_word' id='word_1_376' title='bbox 509 4018 721 4086; x_wconf 82' lang='lat' dir='ltr'><strong>cognati</strong></span> <span class='ocrx_word' id='word_1_377' title='bbox 774 4017 1047 4087; x_wconf 84' lang='lat' dir='ltr'><strong>principes</strong></span> <span class='ocrx_word' id='word_1_378' title='bbox 1099 4014 1255 4069; x_wconf 87' lang='lat' dir='ltr'><strong>ludos</strong></span> <span class='ocrx_word' id='word_1_379' title='bbox 1299 4017 1404 4067; x_wconf 87' lang='lat' dir='ltr'><strong>tam</strong></span> <span class='ocrx_word' id='word_1_380' title='bbox 1445 4009 1785 4081; x_wconf 81' lang='lat' dir='ltr'><strong>periculosos</strong></span> <span class='ocrx_word' id='word_1_381' title='bbox 1826 4011 2112 4076; x_wconf 85' lang='lat' dir='ltr'><strong>ejurarunt.</strong></span> <span class='ocrx_word' id='word_1_382' title='bbox 2174 4005 2285 4062; x_wconf 85' lang='lat' dir='ltr'><strong>Sed</strong></span> 
     </span>
     <span class='ocr_line' id='line_1_42' title="bbox 99 4094 2285 4175; baseline -0.006 -14"><span class='ocrx_word' id='word_1_383' title='bbox 99 4106 362 4175; x_wconf 75' lang='lat' dir='ltr'><strong>praevaluit</strong></span> <span class='ocrx_word' id='word_1_384' title='bbox 404 4120 517 4161; x_wconf 91' lang='lat' dir='ltr'><strong>mos</strong></span> <span class='ocrx_word' id='word_1_385' title='bbox 558 4105 788 4161; x_wconf 84' lang='lat' dir='ltr'><strong>utilitate</strong></span> <span class='ocrx_word' id='word_1_386' title='bbox 832 4104 1207 4175; x_wconf 83' lang='lat' dir='ltr'><strong>elegantiaque</strong></span> <span class='ocrx_word' id='word_1_387' title='bbox 1260 4101 1535 4172; x_wconf 84' lang='lat' dir='ltr'><strong>probatus,</strong></span> <span class='ocrx_word' id='word_1_388' title='bbox 1592 4101 1913 4168; x_wconf 86' lang='lat' dir='ltr'><strong>imperatore</strong></span> <span class='ocrx_word' id='word_1_389' title='bbox 1969 4102 2024 4152; x_wconf 88' lang='lat' dir='ltr'><strong>et</strong></span> <span class='ocrx_word' id='word_1_390' title='bbox 2065 4094 2285 4165; x_wconf 84' lang='lat' dir='ltr'><strong>regibus</strong></span> 
     </span>
     <span class='ocr_line' id='line_1_43' title="bbox 103 4183 2285 4261; baseline -0.005 -12"><span class='ocrx_word' id='word_1_391' title='bbox 103 4197 243 4249; x_wconf 85' lang='lat' dir='ltr'><strong>etiam</strong></span> <span class='ocrx_word' id='word_1_392' title='bbox 267 4197 584 4249; x_wconf 87' lang='lat' dir='ltr'><strong>autoritatem</strong></span> <span class='ocrx_word' id='word_1_393' title='bbox 613 4192 1098 4261; x_wconf 78' lang='lat' dir='ltr'><strong>commodantibus3</strong></span> <span class='ocrx_word' id='word_1_394' title='bbox 1138 4194 1322 4260; x_wconf 87' lang='lat' dir='ltr'><strong>itaque</strong></span> <span class='ocrx_word' id='word_1_395' title='bbox 1359 4189 1540 4243; x_wconf 85' lang='lat' dir='ltr'><strong>inania</strong></span> <span class='ocrx_word' id='word_1_396' title='bbox 1566 4187 1860 4244; x_wconf 85' lang='lat' dir='ltr'><strong>antistitum</strong></span> <span class='ocrx_word' id='word_1_397' title='bbox 1886 4186 2089 4242; x_wconf 88' lang='lat' dir='ltr'><strong>monita</strong></span> <span class='ocrx_word' id='word_1_398' title='bbox 2116 4183 2285 4255; x_wconf 74' lang='lat' dir='ltr'><strong>inere,</strong></span> 
     </span>
     <span class='ocr_line' id='line_1_44' title="bbox 103 4271 2283 4354; baseline -0.005 -17"><span class='ocrx_word' id='word_1_399' title='bbox 103 4289 150 4338; x_wconf 86' lang='lat' dir='ltr'><strong>et</strong></span> <span class='ocrx_word' id='word_1_400' title='bbox 183 4283 301 4338; x_wconf 88' lang='lat' dir='ltr'><strong>licet</strong></span> <span class='ocrx_word' id='word_1_401' title='bbox 335 4283 672 4341; x_wconf 86' lang='lat' dir='ltr'><strong>Coelestinus</strong></span> <span class='ocrx_word' id='word_1_402' title='bbox 713 4282 972 4354; x_wconf 81' lang='lat' dir='ltr'><strong>pontifex,</strong></span> <span class='ocrx_word' id='word_1_403' title='bbox 1017 4282 1290 4338; x_wconf 77' lang='lat' dir='ltr'><strong>referente</strong></span> <span class='ocrx_word' id='word_1_404' title='bbox 1330 4277 1560 4345; x_wconf 74' lang='lat' dir='ltr'><strong>negorio</strong></span> <span class='ocrx_word' id='word_1_405' title='bbox 1602 4275 1914 4347; x_wconf 74' lang='lat' dir='ltr'><strong>Heredeno,</strong></span> <span class='ocrx_word' id='word_1_406' title='bbox 1958 4290 2006 4330; x_wconf 88' lang='lat' dir='ltr'><strong>a.</strong></span> <span class='ocrx_word' id='word_1_407' title='bbox 2034 4272 2095 4328; x_wconf 92' lang='lat' dir='ltr'><strong>D.</strong></span> <span class='ocrx_word' id='word_1_408' title='bbox 2126 4271 2283 4329; x_wconf 82' lang='grc'><strong>1192.</strong></span> 
     </span>
     <span class='ocr_line' id='line_1_45' title="bbox 100 4358 2284 4441; baseline -0.004 -17"><span class='ocrx_word' id='word_1_409' title='bbox 100 4371 250 4428; x_wconf 86' lang='lat' dir='ltr'><strong>literis</strong></span> <span class='ocrx_word' id='word_1_410' title='bbox 287 4373 528 4441; x_wconf 77' lang='lat' dir='ltr'><strong>encycliis</strong></span> <span class='ocrx_word' id='word_1_411' title='bbox 572 4375 901 4427; x_wconf 85' lang='lat' dir='ltr'><strong>tornamenta</strong></span> <span class='ocrx_word' id='word_1_412' title='bbox 939 4373 1222 4439; x_wconf 78' lang='lat' dir='ltr'><strong>vetuisset,</strong></span> <span class='ocrx_word' id='word_1_413' title='bbox 1268 4364 1561 4422; x_wconf 80' lang='lat' dir='ltr'><strong>Richardus</strong></span> <span class='ocrx_word' id='word_1_414' title='bbox 1602 4369 1781 4421; x_wconf 85' lang='lat' dir='ltr'><strong>tamen</strong></span> <span class='ocrx_word' id='word_1_415' title='bbox 1828 4375 1923 4418; x_wconf 86' lang='lat' dir='ltr'><strong>rex</strong></span> <span class='ocrx_word' id='word_1_416' title='bbox 1960 4358 2185 4428; x_wconf 79' lang='lat' dir='ltr'><strong>Angliae</strong></span> <span class='ocrx_word' id='word_1_417' title='bbox 2225 4359 2284 4416; x_wconf 90' lang='lat' dir='ltr'><strong>in</strong></span> 
     </span>
     <span class='ocr_line' id='line_1_46' title="bbox 100 4447 2283 4528; baseline -0.006 -15"><span class='ocrx_word' id='word_1_418' title='bbox 100 4459 190 4516; x_wconf 86' lang='lat' dir='ltr'><strong>hoc</strong></span> <span class='ocrx_word' id='word_1_419' title='bbox 225 4460 335 4516; x_wconf 76' lang='lat' dir='ltr'><strong>lmio</strong></span> <span class='ocrx_word' id='word_1_420' title='bbox 365 4459 603 4518; x_wconf 84' lang='lat' dir='ltr'><strong>militaris</strong></span> <span class='ocrx_word' id='word_1_421' title='bbox 646 4463 1046 4528; x_wconf 71' lang='lat' dir='ltr'><strong>exercitationis</strong></span> <span class='ocrx_word' id='word_1_422' title='bbox 1089 4456 1315 4512; x_wconf 78' lang='lat' dir='ltr'><strong>fructum</strong></span> <span class='ocrx_word' id='word_1_423' title='bbox 1355 4456 1751 4526; x_wconf 49' lang='lat' dir='ltr'><strong>quaesivitsne</strong></span> <span class='ocrx_word' id='word_1_424' title='bbox 1777 4450 1919 4509; x_wconf 82' lang='lat' dir='ltr'><strong>Galli</strong></span> <span class='ocrx_word' id='word_1_425' title='bbox 1942 4447 2131 4515; x_wconf 80' lang='lat' dir='ltr'><strong>Anglis</strong></span> <span class='ocrx_word' id='word_1_426' title='bbox 2159 4451 2283 4501; x_wconf 89' lang='lat' dir='ltr'><strong>tan-</strong></span> 
     </span>
     <span class='ocr_line' id='line_1_47' title="bbox 105 4534 2283 4621; baseline -0.006 -16"><span class='ocrx_word' id='word_1_427' title='bbox 105 4564 238 4621; x_wconf 84' lang='lat' dir='ltr'><strong>quam</strong></span> <span class='ocrx_word' id='word_1_428' title='bbox 262 4549 541 4606; x_wconf 85' lang='lat' dir='ltr'><strong>rudioribus</strong></span> <span class='ocrx_word' id='word_1_429' title='bbox 571 4550 899 4607; x_wconf 86' lang='lat' dir='ltr'><strong>insultarent.</strong></span> <span class='ocrx_word' id='word_1_430' title='bbox 945 4548 1135 4619; x_wconf 86' lang='lat' dir='ltr'><strong>Itaque</strong></span> <span class='ocrx_word' id='word_1_431' title='bbox 1162 4550 1376 4620; x_wconf 80' lang='lat' dir='ltr'><strong>spretus</strong></span> <span class='ocrx_word' id='word_1_432' title='bbox 1403 4549 1491 4603; x_wconf 82' lang='lat' dir='ltr'><strong>est</strong></span> <span class='ocrx_word' id='word_1_433' title='bbox 1513 4546 1717 4618; x_wconf 82' lang='lat' dir='ltr'><strong>passim</strong></span> <span class='ocrx_word' id='word_1_434' title='bbox 1749 4538 2045 4599; x_wconf 81' lang='lat' dir='ltr'><strong>contrarius</strong></span> <span class='ocrx_word' id='word_1_435' title='bbox 2064 4534 2283 4595; x_wconf 77' lang='lat' dir='ltr'><strong>concilii</strong></span> 
     </span>
    </p>
   </div>
   <div class='ocr_carea' id='block_1_3' title="bbox 199 4652 1827 4718">
    <p class='ocr_par' dir='ltr' id='par_1_5' title="bbox 199 4652 1827 4718">
     <span class='ocr_line' id='line_1_48' title="bbox 199 4652 1827 4718; baseline 0.002 -18"><span class='ocrx_word' id='word_1_436' title='bbox 199 4667 424 4702; x_wconf 64' lang='lat' dir='ltr'><strong>nutans</strong></span> <span class='ocrx_word' id='word_1_437' title='bbox 468 4668 695 4704; x_wconf 75' lang='lat' dir='ltr'><strong>nrum</strong></span> <span class='ocrx_word' id='word_1_438' title='bbox 732 4667 854 4703; x_wconf 74' lang='grc' dir='ltr'><strong>τοι.</strong></span> <span class='ocrx_word' id='word_1_439' title='bbox 883 4655 946 4703; x_wconf 91' lang='lat'><strong>11.</strong></span> <span class='ocrx_word' id='word_1_440' title='bbox 1743 4652 1827 4718; x_wconf 80' lang='grc'><strong>23</strong></span> 
     </span>
    </p>
   </div>
  </div>
 </body>
</html>
