2817 4959
672 295 1206 365 ANNALES
1280 297 1732 368 IMPERII
2190 308 2310 373 501

52 469 379 529 bsidione
397 470 667 544 haerebat,
694 475 751 529 et
774 472 885 529 loci
909 473 1213 543 proditione
1239 473 1487 544 capiendi
1504 487 1632 545 spes
1651 474 1794 532 iacta
1811 481 1943 549 erat,
1970 490 2110 549 quae
2140 483 2318 539 tamen
2344 484 2410 552 Α,
2430 486 2564 552 941,

49 562 221 615 rrita
256 559 386 616 fuit.
440 558 627 630 Itaque
654 560 869 616 tandem
896 561 1071 617 soluta
1100 559 1310 618 obsidio
1341 567 1445 619 est.
1507 561 1620 618 Rex
1645 565 1853 621 interea
1877 568 1934 622 in
1961 567 2315 637 Burgundiam

49 649 401 705 ulteriorem
421 645 712 720 profectae,
731 663 764 704 a
781 648 973 706 Carolo
989 649 1341 707 Constantino
1357 651 1597 708 Viennae
1616 653 1898 724 recipitur;
1915 654 2044 710 illuc
2062 656 2315 726 Aquitani

47 738 394 806 tementes,
420 749 549 792 sese
575 735 700 792 fidei
729 740 847 806 ejus
876 740 1224 795 committunt.
1295 739 1537 810 Arverni,
1564 745 1709 811 puto,
1739 742 1795 795 et
1821 739 2074 799 Tolosani
2100 748 2157 800 et
2175 745 2317 815 Sep-

47 828 347 881 timaniae
372 825 613 895 reliquae
638 827 927 897 principes.
999 827 1130 897 Regi
1156 826 1299 881 filins
1326 829 1566 884 nascitur
1590 826 1884 884 Letharius.
1956 829 2127 901 liugo,
2154 831 2316 888 Heri-

47 915 266 970 bertus
298 919 360 969 et
387 911 704 969 wilhelmus
744 928 862 969 cum
900 914 1126 971 mulso
1169 914 1556 986 colloquuntur,
1599 918 1690 986 qni
1731 919 1843 985 regi
1879 915 2111 974 favebat.
2161 919 2318 980 .1nde

45 1002 407 1059 Her-ibertus
449 1008 595 1058 trans
635 1001 877 1059 Rhenum
916 1004 984 1059 ad
1025 1004 1277 1061 ottonem
1317 1003 1689 1076 proficiscitur,
1728 1018 1884 1075 quem
1925 1020 2032 1062 non
2068 1006 2315 1077 procula

45 1091 301 1148 nmine
333 1090 577 1147 abfuisse
604 1096 842 1163 apparet.

218 1180 313 1235 12.
390 1178 707 1236 wilhelmus
736 1185 1021 1250 pertaesus
1050 1179 1316 1237 turbarum
1345 1187 1401 1238 et
1429 1186 1603 1239 tactus
1631 1196 1796 1239 sensu
1823 1186 2059 1257 pietatis,
2097 1184 2153 1241 id
2180 1201 2313 1256 age-

41 1266 179 1338 bat,
224 1272 293 1323 ut
336 1269 452 1338 regi
492 1268 763 1338 principes
802 1270 1196 1327 reconciliaret.
1268 1269 1383 1327 Nec
1423 1270 1504 1326 illi
1546 1270 1854 1328 abalienare
1889 1289 1923 1330 a
1958 1286 2022 1329 se
2048 1274 2316 1332 audebant

43 1358 276 1413 ducem
316 1359 611 1428 potentem,
651 1360 709 1414 et
749 1362 875 1413 tunc
913 1357 1054 1428 apud
1090 1370 1155 1413 se
1187 1357 1474 1415 habentem
1503 1366 1752 1417 strenuos
1781 1374 1849 1416 ex
1876 1361 2046 1419 Dania
2072 1363 2218 1419 viros
2260 1369 2315 1421 et

44 1445 178 1502 sihi
199 1448 470 1516 promtus,
500 1458 636 1514 quos
666 1459 849 1502 secum
878 1446 1170 1502 adduxerat
1184 1447 1447 1504 Haraldus
1475 1462 1586 1520 rex,
1617 1464 1648 1504 a
1676 1448 1785 1504 lilio
1805 1448 2056 1506 Suenone
2073 1452 2155 1520 (si
2174 1451 2314 1507 Nor-

46 1534 294 1590 mannis
339 1533 690 1604 scriptoribus
732 1533 940 1589 Dudoni
984 1538 1039 1590 et
1067 1533 1485 1593 Gemmeticensi
1512 1538 1812 1607 credimus)
1837 1538 2043 1610 pulsus,
2072 1542 2165 1608 qui
2191 1545 2318 1596 tunc

48 1622 217 1694 apud
248 1621 597 1678 wilhelmum
639 1621 839 1693 hospes
882 1621 1199 1678 morabatur.
1271 1625 1534 1680 Haraldus
1573 1627 1623 1681 is
1665 1625 1843 1699 tuerit,
1885 1640 2043 1696 quem
2084 1626 2212 1683 Otto
2245 1627 2313 1684 n.
2365 1614 2370 1621 ’

48 1725 200 1767 mox
228 1709 301 1766 ad
333 1709 650 1781 baptismum
692 1710 925 1766 adduxit.
997 1711 1138 1767 Saxo
1168 1710 1553 1768 Grammaticus
1591 1714 1740 1769 exilii
1777 1717 1896 1783 ejus
1925 1719 2140 1770 tenuem
2167 1718 2315 1772 noti-

48 1802 202 1855 tiam
232 1796 438 1871 habuit,
467 1801 622 1868 quasi
650 1800 788 1869 apud
807 1799 1000 1854 Scotos
1030 1800 1319 1872 exegisset,
1349 1799 1515 1857 lilium
1532 1802 1837 1857 Suenonem
1864 1803 2128 1859 rebellem
2153 1804 2312 1872 igno-

50 1889 228 1944 ravit.
305 1887 441 1944 Nam
467 1887 648 1943 Sueno
691 1890 749 1942 in
787 1885 1045 1942 honorem
1073 1885 1287 1944 ottonis
1326 1890 1382 1945 in
1423 1889 1689 1962 baptismo
1716 1890 1900 1946 dictus
1920 1894 2006 1948 est
2031 1891 2311 1962 Suenotto,

52 1990 239 2047 quem
268 1975 413 2030 Saxo
440 1974 554 2029 vult
578 1977 637 2032 in
663 1976 825 2031 exilio
853 1979 1051 2033 natum.

222 2064 309 2119 13.
382 2062 501 2118 Hoc
538 2075 679 2119 anuo
717 2063 892 2136 Bassi,
933 2063 1109 2134 ampla
1135 2077 1287 2136 gens,
1315 2067 1578 2124 celebrari
1606 2081 1851 2140 coepere,
1879 2082 2177 2139 quanquam
2197 2070 2310 2138 jam

56 2152 252 2209 Photii
291 2151 624 2222 patriarchae
670 2157 912 2223 tempore
951 2155 1224 2223 eruperint
1274 2158 1331 2210 et
1372 2156 1606 2225 aliquam
1647 2155 1843 2211 Christi
1881 2159 2126 2213 notitiam
2166 2160 2312 2213 nacti

56 2242 297 2311 suerint,
325 2240 394 2296 de
412 2254 518 2311 quo
547 2255 707 2310 supra
732 2241 867 2296 ad·a.
885 2239 1084 2297 l).861.
1140 2242 1447 2299 Roxalanos
1467 2249 1708 2301 veterum
1729 2243 1896 2301 fuisse
1915 2251 2113 2315 putem,
2139 2258 2309 2314 genus

61 2331 390 2400 Alanoi-um,
434 2343 533 2385 seu
558 2328 759 2385 Alanos
797 2328 1033 2401 RossoS,
1060 2345 1092 2386 a
1133 2331 1331 2403 colore,
1373 2333 1578 2404 opinor,
1621 2338 1679 2389 ut
1712 2335 1769 2388 in
1809 2332 2063 2390 ulteriore
2092 2330 2310 2403 Scythia

63 2417 328 2477 Galmuhi
356 2423 410 2475 et
425 2416 682 2489 nugales,
708 2419 845 2485 nigri
872 2418 960 2472 vel
990 2416 1115 2490 albi,
1134 2422 1588 2489 cognominantur.
1639 2419 2020 2493 Borysthenes,
2050 2423 2141 2492 qui
2165 2434 2310 2477 nunc

64 2510 371 2566 Bassorum
412 2511 511 2577 est,
553 2506 689 2561 olim·
709 2505 996 2562 Alanorum
1037 2506 1227 2563 fluvius
1268 2507 1579 2580 habebatur,
1620 2510 1801 2578 itaque
1840 2523 2010 2579 equus
2037 2509 2309 2579 Hadriani,

62 2599 170 2669 qui
200 2595 525 2668 epitaphium
553 2597 760 2667 meruit,
802 2596 977 2651 dictus
1015 2597 1099 2651 est
1134 2595 1496 2665 Borysthenes
1522 2596 1741 2652 Alanus.
1816 2596 1925 2653 Sub
1953 2598 2308 2654 Sarmatarum

65 2692 136 2744 et
177 2690 370 2755 postea
407 2684 507 2741 sub
547 2685 811 2740 Anterum.
841 2683 1205 2755 appellatione
1251 2684 1340 2740 din
1380 2683 1606 2739 latuere.
1691 2685 1856 2740 Trans
1899 2682 2122 2754 Gothos,
2166 2686 2307 2741 inter

63 2774 374 2832 Danubium
394 2778 447 2830 et
467 2772 684 2830 Tanaim
699 2771 1020 2845 habitantes,
1041 2773 1233 2829 multas
1254 2774 1507 2828 Anterum
1526 2776 1717 2840 gentes
1736 2771 2035 2828 Jornandes
2055 2771 2303 2828 collocat.

68 2863 289 2922 Slabini
331 2864 505 2935 etiam,
553 2863 644 2932 qui
685 2866 888 2932 partem
932 2859 1263 2931 Germaniae,
1311 2859 1651 2930 Pannoniam,
1695 2858 1982 2931 Illyricum,
2028 2858 2304 2916 Thraciam

68 2952 422 3021 insudavere,
463 2964 531 3007 ex
570 2951 759 3007 Russis
798 2964 895 3021 pro
935 2951 1087 3021 parte
1128 2950 1310 3004 exisse
1338 2948 1608 3003 videntur..
1672 2945 1840 3002 Trans
1863 2947 2083 3019 Russus,
2111 2961 2303 3005 versus

72 3042 360 3109 orientem,
386 3039 703 3095 Hunnorum
714 3041 971 3108 cognatus
998 3037 1227 3110 populus
1254 3036 1526 3106 habitarit,
1555 3041 1840 3106 antequam
1859 3035 2119 3106 prodiret;
2148 3037 2304 3103 ejus-

78 3132 209 3187 dem
238 3142 351 3184 cum
390 3128 577 3185 Russis
616 3128 830 3197 linguae
871 3128 1152 3199 ipsamque
1190 3125 1438 3182 nussiam
1481 3125 1856 3194 liunigardiam
1896 3126 2113 3195 veteres
2141 3123 2302 3181 Sueci

74 3219 324 3287 Daniqae
353 3216 714 3287 appellavere.

231 3306 306 3361 14.
377 3305 486 3361 Sed
513 3304 772 3364 exhausta
799 3304 1204 3374 migrationibus
1232 3316 1364 3374 gens
1384 3304 1474 3360 diu
1494 3305 1711 3376 quievit.
1764 3304 1918 3361 Nunc
1933 3304 2093 3361 Bussi
2110 3304 2300 3374 lugere

80 3406 218 3463 rege
243 3407 305 3449 ac
329 3393 480 3465 duce,
507 3395 802 3451 indictione
820 3393 1028 3450 decima
1045 3400 1247 3466 quarta,
1274 3394 1477 3462 ingenti
1499 3396 1742 3451 examine
1769 3392 2038 3449 hominum
2058 3406 2300 3464 erupere,

80 3489 151 3542 et
176 3482 344 3539 classe
382 3484 609 3539 maxima
646 3497 716 3539 ex
755 3481 1016 3539 Danastro
1054 3488 1111 3539 et
1136 3483 1402 3555 Danapro,
1431 3481 1485 3536 id
1513 3484 1600 3538 est
1626 3481 1762 3552 Tyra
1790 3485 1845 3539 et
1871 3480 2215 3551 Borysthene,
2242 3480 2298 3534 in

81 3572 304 3628 Pontum
344 3570 601 3627 Euxinum
645 3569 826 3642 delati,
874 3573 1045 3641 ipsam
1085 3573 1283 3639 regiam
1327 3569 1830 3641 Constantinopolin
1868 3569 2108 3638 aggressi
2157 3570 2294 3622 sunt.

84 3659 240 3718 Hillo
272 3657 379 3715 illis
417 3662 629 3716 navium
668 3661 898 3715 classem
938 3658 1122 3715 tribuit
1162 3658 1531 3729 Luitprandus,
1572 3659 1757 3715 decies
1785 3657 1931 3714 mille
1959 3653 2298 3726 Theophanis

88 3750 427 3819 continuator,
466 3747 608 3819 quod
636 3760 845 3819 vereor,
881 3760 954 3803 ae
991 3749 1211 3803 nimium
1238 3749 1324 3802 sit.
1397 3745 1560 3802 Erant
1589 3753 1767 3803 tamen
1795 3731 2018 3813 ex‘iguae
2047 3748 2103 3800 et
2128 3744 2298 3816 leves,

86 3840 155 3895 ut
176 3851 267 3906 per
290 3835 471 3892 brevia
499 3838 659 3893 etiam
685 3835 858 3892 libere
886 3840 1273 3905 commearent;
1301 3834 1537 3892 fortasse
1555 3850 1625 3891 ex
1644 3850 1713 3890 eo
1733 3844 1932 3903 genere
1951 3833 2298 3904 navigiorum,

90 3938 229 3997 quae
251 3930 457 3981 veteres
484 3925 768 3995 monoxyla
795 3923 1155 3995 appellabant,
1182 3938 1287 3980 una
1313 3923 1507 3978 arbore
1534 3926 1805 3978 excavata.
1877 3920 1979 3978 Ubi
2008 3922 2296 3977 excensio-

86 4026 214 4073 nem
251 4011 422 4070 secere
465 4015 521 4069 in
547 4013 768 4069 Thracia
798 4013 1035 4083 Asiaque
1073 4014 1336 4083 opposita,
1376 4017 1587 4067 vastata
1626 4011 1863 4081 regione,
1905 4025 2024 4067 cum
2063 4009 2296 4066 nondum

90 4105 297 4177 praesto
316 4105 463 4158 esset
489 4101 666 4170 miles,
694 4104 783 4171 qui
804 4104 1096 4170 coerceret,
1124 4116 1313 4171 magna
1332 4100 1647 4157 crudelitate
1665 4100 1892 4166 grassati
1910 4104 2049 4156 sunt.
2093 4098 2296 4169 Captos

88 4195 152 4248 in
170 4203 363 4246 crucem
382 4188 627 4259 agebant,
655 4196 744 4245 aut
764 4189 964 4259 jaculis
981 4191 1131 4246 velut
1156 4192 1213 4247 in
1240 4195 1436 4246 metam
1456 4188 1675 4245 directis
1695 4187 1953 4257 petebant
1961 4204 1977 4257 ;
2006 4187 2298 4257 praecipue

91 4283 153 4336 in
189 4280 482 4336 sacerdotes
524 4280 690 4350 saevi,
733 4276 924 4349 quibus
965 4276 1171 4336 ferreos
1212 4277 1396 4333 clavos
1437 4280 1492 4334 in
1529 4276 1759 4334 medium
1801 4279 1959 4347 caput
1992 4272 2294 4345 adigebant.

90 4368 342 4425 Romanus
382 4371 654 4438 augustus,
696 4367 831 4423 duce
859 4365 1183 4438 Theophane
1221 4366 1462 4439 patricio,
1501 4365 1809 4425 chelandria
1844 4378 1944 4422 sua
1978 4360 2297 4420 insonanter

89 4455 289 4517 relecta
318 4457 395 4513 iis
433 4457 657 4529 opponit
699 4458 759 4513 et
797 4453 1005 4515 Graeco
1048 4459 1176 4528 igne
1215 4457 1447 4530 instruit,
1491 4471 1597 4530 quo
1636 4456 1693 4513 iu
1731 4454 2020 4513 Ruasorurn
2061 4448 2297 4521 undique
