2817 4959
440 225 521 293 12
998 220 1534 292 ANNALES
1605 217 2067 287 IMPERII

185 404 252 471 Α
270 399 410 469 877
437 398 844 469 medicamento,
882 411 1106 468 maguus
1132 397 1384 468 princeps
1410 397 1470 452 in
1494 393 1757 450 vilissimo
1802 395 2010 495 tugurio
2050 390 2222 464 pridie
2248 392 2352 463 vel,
2380 396 2439 448 ut
2463 391 2577 464 alii,
2606 393 2666 449 3.

434 488 570 543 bion.
600 485 791 543 Octeb.
820 498 888 542 ex
920 485 1023 541 hac
1054 487 1164 541 vita
1193 485 1461 542 discessit.

574 574 661 631 24.
734 574 940 646 Corpus
988 576 1372 643 exenteratum,
1415 573 1650 642 vinoque
1694 573 2014 626 maceratum
2056 574 2112 624 et
2155 566 2477 624 aromatibus
2518 582 2664 623 con-

430 663 615 734 ditum,
645 665 702 719 in
727 662 872 718 dolio
900 662 1080 732 picato
1109 663 1181 718 ad
1197 662 1257 717 ·S
1272 660 1518 729 Dionysii
1544 658 1732 715 aedem
1760 656 2031 728 deportari
2049 655 2310 713 debebat:
2339 656 2437 712 sed
2455 655 2668 725 bajulis

434 749 700 808 foetorem
724 765 833 807 non
858 749 1172 820 ferentibus,
1201 750 1582 805 monasterium
1609 745 1901 802 Nantoadis
1928 747 1984 802 in
2011 744 2325 802 Sebusianis
2353 744 2670 815 sepulcrum

431 839 693 912 praebuit.
762 838 938 895 Locus
966 842 1055 895 est
1085 840 1144 895 in
1168 838 1385 894 Bressia
1411 834 1780 905 Lugdunensis
1809 833 2098 891 dioecesis.
2182 831 2519 938 Epitaphium
2545 833 2671 891 tale

435 929 736 1001 depositum
762 927 1020 985 refertur:

750 1017 868 1073 Hoc
895 1016 1098 1072 dem
1124 1014 1311 1070 Caroli
1342 1016 1633 1071 summr-
1665 1011 1903 1068 membra
1928 1011 2196 1082 sepulcro,

824 1104 1151 1176 Conspicuus
1172 1103 1381 1159 Bonas
1403 1106 1497 1173 qui
1512 1100 1622 1172 fuit
1646 1104 1908 1172 imperio,-

753 1192 1173 1264 Dardanium
1202 1193 1366 1246 sium
1384 1193 1562 1261 gentis
1587 1205 1701 1246 non
1731 1192 1947 1258 sceptra
1972 1188 2289 1259 reliquens,

818 1280 931 1335 Sed
946 1283 1127 1352 pocius
1148 1279 1361 1350 placide
1394 1291 1566 1349 reym
1592 1281 1782 1334 tenone
1805 1277 1936 1332 alia.

748 1367 1152 1439 Ecclesiamque
1170 1372 1264 1440 pio
1290 1369 1458 1422 tenuit
1479 1367 1849 1422 moderamine
1878 1364 2084 1435 Chr-iau,

820 1456 1040 1526 Seu-per
1064 1459 1124 1511 ιιι
1149 1457 1391 1512 adversis
1413 1459 1563 1511 tutor
1588 1459 1639 1510 et
1663 1457 1920 1526 cyr-equs.

752 1543 976 1601 Italiam
993 1557 1238 1616 perqenae,
1257 1544 1501 1615 febribus
1526 1545 1893 1612 committur
1916 1542 2071 1612 att-is,

821 1633 895 1690 Et
918 1634 1131 1689 rediens
1155 1635 1357 1688 nostris
1383 1632 1515 1688 obiit
1538 1634 1596 1687 in
1617 1628 1828 1700 finibus.

756 1721 925 1785 Quem
948 1720 1096 1778 Dm
1129 1722 1356 1777 excelsu
1381 1720 1633 1791 dimm-
1647 1721 1885 1790 juwe-
1908 1718 2115 1787 aenis,

822 1809 1249 1881 Sanctus-umque
1274 1808 1453 1865 choris
1479 1811 1795 1865 consociare
1812 1809 1939 1877 piis.

755 1898 954 1962 Quinta
981 1898 1094 1952 dies
1118 1900 1314 1952 mensis
1339 1897 1517 1952 ἱιιιιιειι
1544 1912 1664 1951 cum
1682 1896 1951 1968 panderet
1983 1895 2107 1950 orbi

826 1985 1085 2055 Octvbn's,
1112 1988 1359 2056 spiritum
1384 1984 1619 2040 reddidit
1650 1984 1740 2038 ille
1773 1982 1906 2039 Deo.

438 2075 705 2132 Dardania
748 2087 880 2145 gens
906 2073 1096 2129 Franci
1134 2077 1276 2144 sunt,
1320 2073 1413 2141 qui
1454 2085 1516 2127 se
1537 2073 1650 2141 jam
1687 2076 1795 2127 tum
1822 2087 1920 2142 per
1946 2069 2158 2128 fabulas
2185 2070 2254 2126 ad
2282 2069 2542 2140 Troianos
2565 2085 2673 2132 re-

439 2162 702 2220 ferebant.
785 2161 1022 2218 Tandem
1066 2165 1192 2231 post
1230 2173 1398 2215 annos
1437 2165 1645 2230 septem
1683 2163 1775 2231 (ut
1813 2159 1978 2216 babet
2014 2159 2248 2215 Aimoini
2292 2162 2670 2231 continuator)

439 2254 642 2308 monitu
669 2252 918 2320 manium,
958 2252 1005 2306 si
1047 2248 1299 2306 Alberico
1341 2249 1625 2322 credimus,
1653 2261 1783 2305 ossa
1807 2248 1877 2304 ad
1901 2247 2079 2304 locum
2106 2247 2429 2305 destinatum
2455 2249 2669 2321 perlata

440 2344 580 2411 sunt,
606 2337 700 2394 ubi
727 2345 784 2396 et
811 2337 1137 2409 epitaphium
1162 2338 1369 2410 visitur,
1396 2338 1496 2394 sed
1524 2339 1668 2408 quod
1695 2339 1869 2395 serius
1896 2338 2152 2408 scriptum
2182 2340 2282 2393 est.

582 2427 668 2482 25.
739 2425 988 2498 Plerique
1016 2442 1048 2483 a
1073 2426 1305 2484 Sedecia
1330 2439 1597 2486 venenum
1624 2428 1677 2483 ei
1704 2427 1926 2484 missum
1952 2425 2260 2483 credidere:
2307 2424 2408 2481 sed
2436 2425 2673 2482 Carolu-

437 2516 618 2571 manni
644 2514 883 2574 moribus
905 2529 1014 2572 non
1042 2514 1414 2588 conveniebat,
1441 2529 1656 2573 venene
1680 2517 1931 2586 grassari,
1958 2514 2050 2585 qui
2072 2511 2216 2571 ferro
2243 2513 2476 2570 valebat.
2547 2512 2671 2572 Ne-

439 2616 547 2675 que
573 2604 774 2661 Bosoni
800 2603 979 2660 soclus
1007 2602 1243 2659 tribuere
1269 2607 1457 2676 ausim,
1496 2608 1703 2661 incerto
1731 2603 1924 2673 fructu,
1964 2617 2124 2673 quem
2160 2605 2356 2673 postea
2393 2603 2671 2676 percepit3

441 2696 590 2750 certo
616 2695 830 2748 interim
856 2693 1066 2764 damno,
1092 2694 1149 2749 in
1174 2693 1392 2749 viduata
1420 2707 1622 2750 sorore.
1693 2691 1972 2749 Credibile
1997 2694 2098 2763 est,
2142 2690 2433 2747 remedium
2460 2704 2673 2764 anceps

439 2780 639 2847 fuisse3
670 2782 849 2851 qualia
873 2795 1016 2838 nunc
1043 2795 1257 2853 quoque
1278 2795 1389 2837 non
1415 2781 1625 2853 desunt,
1654 2796 1791 2851 quae
1819 2796 1889 2839 ex
1914 2781 2140 2838 venenis
2166 2784 2434 2850 utcunque
2471 2793 2674 2838 emen-

441 2868 581 2926 datis
608 2874 869 2941 parantur,
906 2883 1130 2939 magnae
1158 2871 1216 2926 in
1239 2869 1551 2928 alterutrum
1591 2869 1884 2941 efficaciae,
1923 2883 2021 2942 pro
2061 2870 2266 2925 ratione
2306 2871 2674 2940 praeparandi

440 2963 533 3013 aut
560 2971 800 3027 corpore,
838 2960 894 3014 in
921 2957 1061 3027 quod
1088 2957 1343 3016 incidere.
1415 2958 1616 3016 Aberat
1659 2962 1942 3031 praeterea
1984 2958 2239 3029 medicus,
2280 2959 2372 3027 qui
2411 2959 2670 3015 miserat:

444 3058 512 3102 eo
559 3045 771 3100 facilius
815 3046 1030 3114 peccari
1067 3049 1257 3116 potuit.
1345 3046 1663 3116 Dysenteria
1715 3047 1902 3104 obisse
1945 3048 2336 3118 imperatorem,
2381 3045 2666 3103 Fuldensis

442 3134 670 3203 scriptor
696 3133 951 3203 prodidit3
994 3133 1090 3189 sed
1119 3132 1258 3189 hanc
1286 3147 1354 3190 ex
1378 3137 1601 3191 venenis
1627 3137 1780 3191 nasci
1808 3135 1986 3192 solere
2014 3134 2356 3192 observatum
2383 3140 2480 3192 est.
2551 3133 2665 3189 Fe-

441 3221 625 3278 bribus
651 3222 797 3292 atris,
822 3221 877 3275 id
905 3225 991 3277 est
1017 3218 1156 3277 febri
1183 3221 1429 3295 maligna,
1457 3225 1762 3294 extinctum,
1788 3226 1844 3280 in
1864 3221 2131 3294 epitaphio
2158 3223 2400 3281 habetur.
2451 3222 2664 3292 Regino

442 3309 727 3368 sedeciam
764 3309 1145 3379 sycophantam
1171 3314 1345 3382 vocat,
1384 3313 1501 3381 (sic
1527 3314 1668 3368 enim
1694 3310 1993 3382 legendum,
2020 3324 2130 3367 non
2152 3314 2431 3382 madan,
2455 3323 2525 3366 ex
2550 3309 2669 3368 ΜΒ.

442 3397 724 3456 annalibus
752 3397 966 3470 colligo,
993 3398 1185 3469 quibus
1212 3398 1580 3470 exscribitur).
1651 3401 1830 3470 Addit,
1865 3400 2088 3469 magicis
2123 3402 2431 3472 praestigiis
2469 3401 2672 3458 incan-

442 3487 845 3557 tationibusque
881 3493 1089 3544 mentes
1129 3488 1399 3548 bominum
1433 3487 1720 3546 delusisse.
1790 3488 2109 3546 Tritbemius
2135 3488 2286 3545 velut
2312 3488 2674 3548 circumfora-

440 3588 603 3632 neum
630 3572 899 3646 describit,
938 3575 1111 3646 qualis
1156 3577 1295 3650 apud
1340 3579 1514 3648 ipsum
1558 3577 1782 3635 Faustus
1829 3580 2012 3634 senior
2054 3576 2462 3650 memorabatur,
2504 3592 2676 3649 quem

441 3663 580 3720 alius
602 3665 783 3733 junior
810 3663 1105 3721 aemulatus
1134 3669 1235 3722 est.
1304 3664 1411 3736 Ait,
1439 3665 1737 3736 sedeciam,
1781 3657 2059 3724 fascinatis
2087 3671 2444 3738 spectantium
2473 3668 2677 3743 oculis,

442 3751 673 3809 ludibria
711 3755 844 3808 mira
878 3753 1206 3824 principibus
1246 3752 1550 3824 objecisse;
1592 3755 1884 3811 devorasse
1925 3754 2194 3812 hominem
2225 3760 2505 3825 armatum,
2542 3771 2680 3816 eur-

442 3853 558 3898 rum
598 3844 760 3898 etiam
798 3842 961 3898 foeno
1009 3847 1258 3899 onustum
1299 3856 1417 3898 oum
1461 3843 1643 3913 auriga
1682 3847 1739 3899 et
1775 3844 1944 3912 equis.
2028 3842 2353 3915 Amputabat
2389 3843 2683 3904 bominum

443 3931 637 4002 capita,
682 3945 867 3988 manus
910 3931 1204 4003 pedesque,
1266 3933 1578 4001 sanguinem
1629 3930 1777 4003 pelvi
1821 3931 2144 4005 excipiebat,
2190 3947 2315 3988 mox
2359 3935 2541 3990 omnia
2576 3949 2684 3993 re·-

443 4018 715 4076 stituebat.
785 4019 850 4076 1n
892 4033 1021 4076 aere
1059 4019 1317 4076 incedens
1358 4020 1442 4090 (si
1486 4020 1590 4076 diis
1633 4019 1844 4091 placet)
1886 4022 2127 4090 speciem
2173 4021 2476 4082 venationis
2503 4036 2685 4094 prae-

444 4105 626 4165 bebat-

584 4193 671 4252 26.
740 4193 965 4254 Liberos
1009 4210 1080 4253 ex
1120 4194 1456 4253 Ermintrude
1482 4198 1685 4268 regina,
1728 4195 1839 4252 fllia
1882 4196 2086 4253 odonis
2125 4199 2337 4255 comitis
2381 4197 2684 4269 (Aurelia-

445 4284 649 4354 nensis,
675 4286 734 4339 ut
761 4284 1042 4356 creditur),
1068 4283 1250 4340 babuit
1277 4297 1451 4342 mares
1479 4287 1535 4339 et
1562 4284 1790 4356 adultos,
1819 4283 2071 4341 Carolum
2110 4284 2177 4343 ab
2212 4285 2463 4357 Albiano,
2503 4301 2683 4357 quein

402 4446 419 4460 ·
442 4370 657 4438 ignotus
683 4372 1017 4446 hcessierat,
1058 4375 1115 4429 iu
1155 4375 1333 4446 capite
1375 4372 1727 4447 vulneratum,
1770 4371 1975 4443 aliquot
2008 4378 2137 4445 post
2174 4375 2328 4438 annis
2358 4376 2684 4452 extinctum,
