2817 4959
448 249 580 316 ito
1023 248 1563 317 AN-NALEJS
1630 246 2095 316 IMPERII·

526 426 673 483 penit.
726 423 1075 471 zuentibaldum
1108 423 1345 469 Iol-avum
1385 425 1639 481 impugnat.
1664 443 1718 455 -
1756 421 1951 468 Amulio
1988 421 2111 466 liin·
2149 420 2407 465 mannicu-
2452 419 2696 466 meinr-

524 497 600 543 De
621 497 783 542 Italico
811 497 980 541 itinere
1008 497 1195 552 cogitat.
1223 517 1273 528 -
1302 496 1475 540 Leonis
1497 495 1681 549 augusti
1710 505 1810 538 cum
1834 493 2049 549 Bulgaris
2074 493 2262 536 beilum.

191 600 412 672 1‚893,
588 603 645 658 1.⁴
711 601 958 672 synodus
985 602 1084 659 sub
1114 605 1238 658 anni
1257 603 1463 657 initium
1481 601 1660 656 Remis
1679 604 1814 669 acte,
1844 607 1899 655 et
1926 599 2158 654 fortasse
2178 601 2463 669 superiore
2490 602 2698 671 coepta

444 695 551 763 est,
591 690 658 746 ad
702 705 862 761 quam
901 690 1083 762 Fulco‚
1118 693 1451 762 praeparatis
1494 689 1687 744 dadum
1727 690 1934 757 animis,
1980 689 2269 759 episcopos
2316 690 2370 742 et
2412 701 2696 758 proceres

440 780 699 836 franciae
725 778 1135 850 Neustriaeqae,
1162 780 1303 836 inter
1329 779 1533 833 Mosam
1560 776 1774 833 scilicet
1799 776 2153 847 ugerimque,
2183 782 2452 831 evocarat.
2522 775 2698 831 Affuit

444 874 506 926 et
533 866 756 925 Carolus
784 867 935 939 Puer,
977 881 1134 938 quem
1175 868 1386 938 quidam
1431 878 1498 921 ex
1524 865 1715 934 Anglia
1743 865 2026 920 adductum
2053 867 2337 934 scripsere,
2379 865 2548 933 quasi
2579 862 2697 919 iilic

447 959 542 1026 [ut
580 961 770 1026 postea
810 954 1109 1011 Ludovicus
1149 956 1585 1022 Transmarinus)
1624 953 1888 1009 latuisset.
1970 952 2079 1008 Sed
2109 952 2259 1007 exilii
2284 953 2446 1020 hujus
2478 952 2694 1006 nullum

443 1049 646 1102 testem
679 1045 912 1101 invenio.
984 1044 1046 1098 In
1083 1043 1188 1098 hoc
1229 1048 1495 1100 conventu
1538 1057 1731 1112 magno
1771 1044 2005 1098 omnium
2052 1042 2231 1097 studio
2273 1054 2508 1110 regnum
2551 1041 2699 1109 legi-

442 1134 577 1190 timo
618 1133 838 1189 haeredi
862 1131 1196 1201 decernitur3
1243 1145 1368 1188 mox
1407 1133 1590 1187 unctio
1631 1145 1663 1186 a
1704 1129 1940 1186 Falcone
1982 1132 2252 1201 peragitur
2294 1132 2342 1184 5.
2387 1128 2513 1184 Kal.
2545 1128 2705 1199 Feb„

448 1236 610 1293 quam
651 1221 791 1276 diem
833 1219 1054 1276 Carolus
1095 1222 1218 1291 ipse
1258 1234 1358 1275 rex
1395 1222 1454 1275 in
1499 1218 1639 1274 binis
1681 1218 2076 1290 diplomatibus,
2118 1217 2433 1273 Fossatensi
2462 1218 2694 1274 sesan·

444 1309 762 1366 martiniano
803 1308 942 1378 apud
971 1308 1210 1365 Turones
1239 1307 1504 1364 coenobio
1547 1309 1702 1379 datis,
1742 1307 2055 1379 (sirmondo
2083 1307 2345 1374 notante)
2377 1302 2701 1378 celebrans,

444 1399 509 1453 ἐκ
547 1399 646 1469 «βε,
688 1400 875 1468 inquit,
911 1413 1015 1468 quo
1053 1399 1131 1453 ad
1155 1400 1311 1469 requi
1326 1398 1607 1469 sastiqium
1629 1398 1871 1453 ordinanti
1901 1397 2133 1466 fuimus,
2166 1397 2259 1467 qui
2282 1398 2465 1452 euenit
2488 1398 2544 1450 5.
2574 1395 2701 1451 Kal.

444 1485 589 1557 Feb„
615 1487 676 1541 id
700 1491 776 1541 est
802 1487 977 1541 natali
1000 1486 1056 1541 S.
1086 1486 1303 1557 Aqnetie
1328 1488 1567 1557 virginis.
1640 1485 1721 1541 Ea
1761 1497 1892 1540 vero
1933 1485 2052 1543 dies
2080 1499 2222 1538 nunc
2251 1484 2533 1539 dominica
2564 1482 2697 1553 ἰείη

448 1588 616 1643 quare
642 1587 747 1631 nec
773 1574 840 1629 de
869 1589 1008 1629 anuo
1038 1573 1379 1631 dubitandum
1409 1579 1513 1629 est.
1585 1572 1654 1629 Et
1695 1573 1985 1645 diplomata
2027 1572 2206 1627 Caroli
2236 1574 2562 1643 conspirant
2581 1587 2611 1638 ;-
2637 1578 2697 1627 at

442 1675 568 1716 cum
609 1662 750 1732 apud
790 1660 1065 1717 Baluzium
1106 1665 1407 1734 appendice
1453 1666 1688 1719 actorum
1730 1667 1974 1718 veterum
2016 1661 2068 1716 8.
2106 1660 2222 1716 Kal.
2251 1660 2379 1727 Maii
2413 1661 2614 1717 indict
2644 1660 2697 1717 3.

443 1764 642 1807 annum
683 1751 834 1819 regni
873 1753 1117 1807 octavum
1158 1756 1418 1821 numerat,
1460 1753 1551 1820 qni
1592 1750 1697 1806 fuit
1734 1751 1933 1806 domiai
1968 1751 2427 1819 nongentesimus.
2530 1750 2695 1805 Porro

445 1841 725 1896 coronatio
772 1837 949 1894 Caroli
989 1839 1058 1896 ad
1097 1840 1440 1910 Aquitaniam
1478 1854 1589 1895 non
1628 1838 1945 1909 pertinebat.
2017 1838 2208 1908 Itaque
2240 1836 2435 1893 odoni·
2470 1840 2701 1893 servata

444 1932 562 1984 est:
588 1941 769 1998 neque
797 1930 940 1984 enim
970 1940 1039 1984 αι
1063 1932 1359 2001 provinciis
1388 1934 1534 1985 trans
1561 1926 1792 1998 Ligerim
1819 1940 2075 1997 proceres
2103 1929 2193 1982 aut
2220 1928 2470 1998 episcopi
2492 1927 2694 1983 Remos

443 2031 665 2074 venere.
738 2016 915 2081 Quare
955 2021 1164 2089 postea,
1206 2021 1442 2074 extincto
1473 2016 1678 2085 Odone,
1722 2014 1948 2071 Carolus
1984 2029 2362 2084 nonnunquam
2393 2029 2423 2068 a
2455 2027 2711 2075 succes-.

443 2108 604 2163 sione
646 2104 852 2162 Odonis
892 2108 1168 2175 regiminis
1211 2120 1384 2162 annos
1428 2104 1743 2173 numeravit,
1784 2106 2002 2173 saepius
2045 2107 2222 2158 autem
2242 2115 2471 2173 regnum
2507 2104 2696 2161 redin-

443 2198 712 2263 tegratum
735 2196 791 2248 in
821 2193 1124 2263 diplomatis
1153 2194 1302 2250 dixit.
1373 2192 1458 2247 Ex
1495 2191 1704 2265 synodo
1744 2194 1859 2260 jam
1901 2206 1948 2247 a.
1989 2190 2055 2246 D.
2093 2191 2217 2246 892.
2258 2192 2326 2246 ad
2367 2192 2695 2248 Baldainan

444 2283 640 2352 (quem
667 2281 946 2337 Flandriae
976 2284 1224 2336 comitem
1251 2282 1582 2350 posteriores
1610 2279 1917 2349 appellant)
1961 2281 2250 2349 scripsisse
2277 2280 2594 2354 Falconem,
2638 2283 2693 2337 et

446 2381 481 2424 a
525 2369 845 2438 pervasione
887 2381 1063 2422 rerum
1089 2382 1362 2425 sacrarum
1389 2367 1742 2441 dehortatum,
1783 2367 2115 2425 Frodoardus
2144 2366 2328 2427 refert.
2400 2368 2545 2427 Nam
2572 2370 2689 2427 No·-

443 2456 710 2512 viomensi
736 2455 1007 2511 ecclesiae
1035 2455 1266 2514 infestus
1295 2461 1426 2514 erat.
2366 2508 2369 2511 .

588 2543 639 2599 2.
712 2543 894 2600 Caroli
919 2545 1299 2602 exaltationem
1325 2546 1490 2603 Fulco
1530 2558 1657 2603 mox
1683 2546 2023 2619 apologetica
2048 2546 2115 2604 ad
2142 2561 2331 2617 regem
2359 2548 2687 2609 Ger-auiae

445 2632 680 2703 epistola
708 2635 863 2704 tueri,
893 2634 1191 2691 consultum
1219 2636 1385 2693 duxit.
1458 2635 1687 2692 Primum
1728 2639 1784 2693 in
1824 2640 2134 2693 memoriam
2161 2642 2398 2709 revocat,
2425 2645 2688 2708 quantum

444 2736 601 2778 num
627 2723 861 2779 studium
889 2721 1051 2778 tuerit
1075 2736 1202 2793 erga
1229 2726 1404 2793 ipsum
1435 2724 1735 2783 Arnulfum·
1801 2725 2068 2783 Defuncto
2112 2728 2252 2782 enim
2280 2726 2478 2783 Carolo
2508 2731 2686 2798 impe-

443 2816 642 2881 ratore,
686 2814 860 2884 ipsius
885 2812 1151 2871 avunculo
1176 2816 1456 2884 (patruum
1481 2814 1765 2883 intelligit)
1806 2814 1873 2870 ad
1914 2827 2037 2871 eum
2073 2815 2270 2887 adisse,
2313 2819 2371 2873 et
2405 2816 2472 2872 ad
2502 2816 2686 2873 susci-

443 2899 699 2971 piendum
726 2913 884 2957 omne
903 2898 1221 2958 Francorum
1239 2916 1461 2973 regnum
1478 2917 1672 2974 preces
1695 2908 1752 2959 et
1769 2902 2103 2960 hortamenta
2130 2904 2325 2960 trustra
2343 2905 2684 2961 admovisse:

444 2990 666 3058 inopem
707 2989 922 3043 consilii
965 2992 1268 3062 remissum,
1309 2994 1627 3048 necessario
1658 2991 1836 3048 Odoni
1863 2996 2125 3065 paruisse,
2168 3008 2288 3048 cum
2316 2993 2568 3050 Carolum
2597 2995 2687 3049 in-

443 3073 617 3131 fantia
655 3075 901 3131 inutilem
942 3074 1164 3147 iaceret,
1205 3083 1262 3135 et
1288 3079 1675 3138 Normannicus
1704 3080 1859 3138 turbo
1889 3087 2081 3138 cancta
2107 3083 2455 3153 pervasisset.
2529 3082 2687 3138 Nunc

447 3163 690 3220 Odonem
718 3167 989 3232 potestate
1017 3167 1071 3219 in
1103 3168 1429 3234 tyrannidem
1461 3170 1635 3240 ahuti3
1680 3169 1928 3226 carolum
1970 3176 2145 3225 autem
2188 3170 2256 3225 ad
2298 3182 2419 3224 eam
2445 3176 2687 3226 aetatem

443 3251 777 3321 perductum,
803 3252 859 3305 in
889 3265 993 3320 qua
1020 3253 1254 3311 salubria
1282 3258 1624 3313 monentibus
1644 3255 1870 3327 obsequi
1898 3259 2076 3312 sciret.
2112 3256 2228 3310 Nec
2253 3270 2457 3311 moram
2486 3260 2691 3313 tulisse

445 3338 784 3410 arripiendae
811 3343 1115 3398 occasionis
1141 3338 1545 3416 necessitatem,
1587 3348 1677 3399 aut
1704 3343 2019 3399 consulendi
2046 3342 2247 3398 Arnulfi
2274 3347 2505 3413 spatium
2540 3345 2715 3400 reli--

447 3429 659 3497 quisse:
706 3442 1004 3499 quanquam
1046 3443 1145 3486 suo
1181 3434 1306 3501 jure
1347 3435 1551 3503 eligant
1589 3431 1791 3502 Franci,
1829 3444 1932 3487 nec
1972 3430 2039 3486 ab
2083 3434 2371 3488 autoritate
2406 3433 2689 3506 pendeant

443 3517 663 3587 majoris
692 3518 1116 3590 potentiorisque
1145 3524 1307 3591 regis.
1379 3523 1486 3578 Sed
1516 3525 1570 3576 et
1586 3518 1787 3575 Amulli
1815 3521 1987 3590 ipsius
2014 3534 2128 3576 rem
2156 3522 2258 3592 agi,
2282 3535 2357 3578 ne
2380 3525 2470 3591 jus
2490 3524 2684 3592 regiae

447 3604 629 3674 stirpis
658 3608 773 3661 suis
801 3607 1130 3679 temporibus
1159 3611 1481 3667 intercidere
1511 3613 1754 3681 patiatur.
1801 3608 2073 3665 Hactenus
2104 3610 2245 3665 euim
2273 3614 2683 3668 successionem

443 3693 503 3747 in
529 3705 696 3763 regno
724 3695 992 3763 valuisse3
1034 3712 1178 3754 nunc
1216 3703 1297 3756 tot
1339 3700 1558 3767 regibus
1586 3699 1655 3754 de
1682 3698 1862 3755 alieno
1887 3712 2087 3768 genere
2116 3700 2476 3773 surgentibus,
2504 3701 2680 3773 pluri-

443 3780 656 3851 busque
693 3798 950 3842 successu
976 3788 1233 3859 invitatis,
1279 3800 1445 3858 posse
1474 3789 1634 3843 etiam
1660 3788 1833 3859 ipsius
1862 3786 2149 3858 aliquando
2177 3787 2342 3844 filium
2370 3788 2678 3860 periclitari,

447 3872 498 3925 si
537 3869 784 3929 carolum
827 3875 1056 3947 deserat,
1099 3881 1303 3931 certum
1343 3888 1559 3945 semper
1597 3877 1825 3931 amicum
1872 3890 2089 3932 suorum
2127 3877 2375 3949 habituri,
2421 3881 2470 3933 si
2504 3879 2675 3949 juvet.

443 3958 691 4028 Denique
729 3967 913 4018 notum
955 3963 1074 4020 orbi
1115 3977 1259 4035 esse,
1299 3963 1620 4019 Francorum
1660 3968 1875 4033 gentem
1911 3978 2071 4035 reges
2102 3979 2172 4022 ex
2199 3969 2550 4023 successione
2575 3964 2676 4020 ha-

444 4048 607 4114 bere;
637 4047 778 4119 quod
807 4050 863 4104 B.
895 4050 1137 4122 Gregorii
1165 4066 1337 4125 papae
1365 4056 1677 4109 testimonio
1706 4054 1996 4112 confirmat.
2067 4054 2138 4111 Et
2175 4069 2242 4112 ex
2282 4055 2435 4111 libris
2475 4056 2677 4112 Teuto-

442 4138 584 4197 nicis
613 4136 810 4208 (verba
837 4144 964 4194 sunt
988 4141 1304 4212 Flodoardi)
1346 4143 1417 4198 de
1442 4155 1572 4211 rege
1601 4142 1828 4213 quodam
1859 4142 2208 4200 Hermoni-ico
2236 4142 2515 4200 historiam
2543 4140 2674 4198 suh·-

438 4229 579 4299 ficit,
621 4229 711 4298 qui
752 4240 962 4282 omnem
1010 4235 1324 4300 progeniem
1366 4246 1534 4303 suam,
1576 4232 1742 4302 impio
1785 4232 2013 4302 quodam
2059 4233 2325 4289 suadente
2351 4231 2674 4298 consiliario,

442 4318 604 4372 morti
649 4316 954 4373 destinavit.
1058 4319 1330 4393 Suspicor,
1381 4336 1627 4392 magnum
1672 4320 1830 4393 huius
1875 4323 2108 4378 nominis
2160 4320 2447 4377 Gothorum
2494 4330 2673 4389 regem

445 4403 692 4479 intelligi,
719 4408 812 4478 qui
841 4405 1145 4465 celebratur
1173 4422 1205 4464 a
1230 4408 1519 4467 Jornande.
1589 4411 1725 4467 Nam
1761 4410 1904 4481 quod
1932 4410 2146 4482 quidam
2173 4415 2466 4482 susurrent,
2504 4408 2672 4467 Caro·-
