2817 4959
663 269 1198 342 ANNALBS
1266 268 1731 342 nunni!
2181 272 2311 343 66⁷

72 461 240 508 ,erum
270 446 545 508 nanticus
568 445 787 506 ottenis
814 460 885 505 ex
916 444 1214 506 Adellieide
1229 447 1616 519 primogenitus
1640 447 1788 505 vitae
1812 443 2167 505 brevissimae
2193 446 2313 520 fuit,
2336 446 2405 518 Α,
2423 447 2561 519 955.

71 541 241 597 {runo
263 538 414 595 alter
441 537 661 597 biennio
677 536 874 594 abhinc
891 537 1147 595 decessit.
1203 535 1455 595 Ottonem
1472 539 1626 606 pater
1650 534 1846 593 deinde
1867 535 2101 595 Brunoni
2121 539 2312 610 pauno

71 627 435 685 arudiendum
461 624 627 682 dedit.

203 717 303 772 47.
384 714 449 772 In
476 712 682 783 singlis,
708 712 919 769 Edredo
948 712 1219 785 defuneto,
1245 712 1486 771 Eduinus
1512 711 1777 769 Edmundi
1804 709 1984 770 fratris
2011 711 2154 771 filius
2182 726 2314 772 suc-

69 806 253 876 cessit,
295 805 398 874 qui
419 802 733 872 juveniliter
758 801 1066 872 lasciviens,
1102 816 1222 859 oum
1251 815 1333 876 ea,
1354 815 1460 873 qua
1485 806 1832 866 consecratus
1851 803 1937 858 est
1963 801 2068 875 die,
2085 816 2311 872 surgens

69 896 127 950 le
156 905 385 963 mensa,
415 891 500 946 cui
528 905 648 947 cum
674 889 984 960 proceribus
1027 889 1316 962 assidebat,
1356 890 1551 947 relicto
1593 893 1754 960 coetu
1792 890 1850 947 in
1892 903 2222 960 gynaeceum
2244 906 2312 950 se

69 981 401 1050 abdidisset,
438 980 517 1036 ibi
552 978 621 1035 ab
675 980 999 1049 irrumpente
1031 984 1189 1050 jussu
1217 978 1422 1036 odonis
1470 977 1874 1036 cantuariensis
1917 978 2311 1054 archiepiscopi

69 1075 527 1138 neterommque
555 1082 833 1139 procerum
862 1068 1059 1125 abbate
1075 1066 1349 1124 Dunstano
1375 1068 1517 1124 inter
1551 1066 1805 1124 mulieres
1833 1067 2217 1142 deprehensus,
2254 1077 2312 1128 et

69 1160 127 1215 ld
158 1158 490 1214 convivium
516 1161 777 1214 retractus
805 1160 918 1225 est3
954 1170 1021 1213 ea
1050 1157 1176 1213 t‘nnc
1193 1156 1324 1213 cleri
1350 1159 1596 1227 potestas
1621 1159 1679 1211 in
1701 1169 1864 1225 reges
1888 1159 2135 1214 censoria
2163 1162 2308 1216 erat:

70 1248 190 1304 {nde
221 1246 359 1303 odio
394 1252 673 1317 concepto,
700 1243 945 1301 abbatem
972 1248 1029 1302 in
1055 1244 1274 1301 exilium
1308 1246 1532 1316 pepulit,
1577 1246 1667 1315 qui
1698 1243 1991 1302 honorifice
2015 1250 2306 1318 susceptus

69 1336 126 1392 lb
154 1334 407 1392 Arnulfo
425 1337 609 1402 regiae
635 1325 832 1405 ststpis,
849 1336 910 1390 ut
936 1335 1010 1389 ait
1028 1333 1289 1404 Rogerius
1306 1332 1646 1402 Hovedeuus,
1675 1334 1888 1402 comite,
1916 1332 2129 1391 scilicet
2145 1334 2310 1392 Flan-

69 1426 235 1496 lriae,
266 1438 343 1481 ex
370 1423 581 1482 All'redi
595 1422 743 1491 regis
762 1420 872 1478 filia
887 1427 1031 1493 nato,
1050 1435 1146 1493 per
1168 1422 1450 1478 triennium
1463 1422 1519 1476 in
1537 1419 1900 1478 Blandiniensi
1918 1422 1985 1477 ad
2002 1420 2310 1481 Gandavum

69 1515 413 1574 monasterio
440 1513 566 1583 egit,
603 1512 778 1569 donec
803 1517 929 1582 post
961 1509 1030 1568 ab
1057 1510 1264 1580 Edgaro
1289 1509 1553 1567 Edmundi
1588 1507 1770 1584 fratre,
1807 1508 2023 1567 laudato
2051 1512 2309 1584 principe,

67 1605 444 1661 revocaretur.
2194 1612 2203 1620 ·

202 1691 301 1747 48
383 1688 447 1744 Ia
468 1687 641 1744 Gallia
661 1688 813 1758 Hugo
848 1689 1098 1759 princeps
1121 1691 1232 1758 jam
1257 1690 1449 1752 iterum
1474 1689 1628 1759 pueri
1653 1689 1795 1757 regis
1827 1689 2038 1760 potens,
2065 1690 2306 1758 reginam
2373 1751 2394 1776 s

67 1785 297 1837 matrem
329 1793 456 1835 cum
485 1791 551 1835 eo
581 1777 813 1832 Parisios
842 1781 1091 1848 tanquam
1128 1779 1185 1833 iu
1227 1775 1484 1833 ditionem
1526 1790 1676 1832 suam
1707 1778 1898 1833 invitat
1936 1778 2003 1833 ad
2031 1778 2306 1849 paschalia

67 1870 213 1926 l'esta
246 1865 597 1924 celebranda.
655 1864 785 1921 Inde
805 1878 986 1934 regem
1005 1867 1059 1922 iu
1086 1865 1425 1936 Aquitaniam
1446 1865 1606 1935 ducit,
1628 1868 1800 1921 sumto
1823 1864 2022 1937 colore,
2041 1870 2100 1920 ut
2118 1880 2150 1922 a
2177 1882 2312 1937 pro-

67 1956 292 2015 ceribus
310 1957 726 2026 agnosceretur3
756 1968 884 2010 vero
903 1954 1148 2026 consilio,
1165 1959 1226 2008 ut
1244 1956 1360 2022 ejus
1379 1955 1664 2009 autoritate
1685 1955 1845 2009 etiam
1867 1953 2132 2028 Pictavos,
2150 1956 2307 2025 pulso
2335 2021 2344 2032 ι

67 2045 391 2112 Guilielmo,
419 2044 475 2098 in
500 2046 822 2114 potestatem
850 2042 1133 2113 redigeret,
1172 2055 1343 2113 nuper
1371 2055 1667 2097 concessos
1703 2039 1961 2098 facilitate
1986 2041 2307 2115 Gerbergae.

67 2135 182 2192 Sed
210 2132 539 2192 wilhelmus
559 2134 617 2189 in
642 2130 775 2186 urbe
803 2132 1128 2201 praesidium
1150 2130 1458 2186 collocarat.
1504 2129 1629 2200 lpse
1657 2128 1722 2184 ad
1749 2130 1894 2186 vires
1923 2130 2309 2188 contrahendas

67 2221 557 2295 prohibendusque
595 2223 894 2276 commeatu
935 2218 1120 2276 hostes
1150 2220 1373 2275 exierat.
1461 2216 1651 2288 Itaque
1705 2216 1914 2274 obsidio
1964 2220 2205 2277 diuturna
2253 2226 2312 2278 et

66 2312 222 2366 irrita
252 2308 374 2381 suit,
405 2314 635 2365 castrum
663 2313 841 2365 tamen
882 2307 1000 2364 urbi
1031 2309 1349 2379 contiguum,
1391 2306 1534 2377 qaod
1568 2307 1622 2362 S.
1654 2306 1988 2376 Radegundis
2018 2307 2309 2382 dicebatur,

66 2413 100 2455 a
128 2398 454 2468 Ragenoldo
485 2399 679 2453 comite
711 2410 822 2469 per·
846 2399 1169 2465 stratagema
1201 2401 1414 2467 captum
1443 2407 1871 2466 succensumque
1901 2400 2002 2453 est.
2073 2396 2308 2454 Tandem

65 2502 192 2542 cum
222 2499 325 2555 per
351 2486 510 2540 binos
538 2499 755 2542 menses
779 2485 974 2540 frustra
1001 2485 1350 2555 assedissent,
1370 2484 1547 2540 victus
1575 2487 1798 2555 penuria
1825 2484 2161 2542 obsidionem
2189 2485 2309 2542 sol-

65 2574 417 2629 vere·coacti
444 2585 744 2629 recessere.
813 2571 894 2627 Ro
922 2571 1195 2628 wilhelmi
1231 2572 1455 2628 audacia
1482 2573 1662 2643 crevit,
1708 2576 1800 2643 qui
1828 2586 2048 2643 carpere
2075 2574 2311 2631 redeuu-

65 2663 200 2716 tium
243 2661 405 2727 terga
456 2660 701 2714 instituit.
772 2656 882 2714 Sed
931 2671 1048 2713 cum
1116 2659 1334 2729 propius
1393 2662 1736 2731 accessisset,
1788 2674 2105 2718 conversum
2156 2664 2214 2720 in
2244 2676 2308 2719 se

64 2751 378 2819 equitatum
404 2749 548 2818 regis
576 2760 798 2804 numero
827 2748 1157 2817 superiorem
1185 2758 1293 2800 non
1330 2745 1465 2818 tulit,
1505 2750 1561 2802 et
1586 2760 1775 2803 versus
1803 2748 1859 2803 ln
1887 2746 2080 2821 rugam,
2108 2750 2306 2806 multos

65 2851 293 2893 snorum
323 2838 524 2907 amisit,
551 2835 875 2906 nobilesque
902 2835 1105 2904 aliquot
1131 2832 1383 2902 Aquitani
1413 2837 1554 2906 capti
1581 2840 1722 2892 suut.
1795 2834 2112 2896 wilhelmus
2138 2837 2307 2894 nihilo

66 2928 255 2983 secius
286 2923 551 2980 ditionem
573 2926 805 2995 retinuit,
825 2928 881 2980 et
899 2928 1019 2979 acta
1038 2922 1245 2990 liugoni
1264 2923 1547 2994 imputau8‚
1576 2937 1610 2979 a
1624 2923 1771 2991 regls
1790 2923 1895 2982 lide
1910 2939 2019 2982 non
2038 2927 2308 2984 discessit.

214 3012 307 3069 49.
385 3011 547 3069 Paulo
588 3017 713 3084 post
753 3010 1089 3068 Giselbertus
1128 3010 1234 3066 dux
1270 3011 1604 3080 Burgundiae
1648 3010 1796 3084 obiit,
1838 3016 1895 3069 et
1939 3011 2113 3070 Odoui
2160 3014 2307 3073 filiae

66 3102 441 3172 Leudegardis
470 3105 676 3174 marito,
702 3102 941 3171 lingonis
970 3102 1224 3170 principis
1260 3098 1389 3172 filio,
1430 3100 1682 3158 ditionem
1709 3100 1942 3172 reliquit.
2012 3102 2090 3158 lta
2118 3102 2308 3172 Hugo-

69 3195 157 3249 nis
178 3194 427 3264 potentia
452 3204 595 3247 novo
622 3191 948 3246 incremento
978 3194 1134 3245 aucta
1165 3193 1266 3258 est,
1294 3191 1349 3244 et
1377 3191 1597 3261 propius
1622 3190 1772 3260 regio
1802 3189 2017 3259 fastigio
2044 3191 2305 3249 admove-

73 3281 251 3354 batur,
281 3279 425 3351 quod
456 3279 668 3335 tandem
696 3276 837 3333 filius
877 3277 1028 3348 nugo
1058 3279 1295 3349 Capetus
1323 3279 1656 3334 conscendit.
1727 3279 1887 3335 Porro
1917 3279 2140 3336 ducatus
2166 3278 2306 3336 Bur-

72 3369 295 3440 gundici
313 3370 520 3426 initium
548 3367 673 3424 hinc
689 3367 1035 3438 repetendum
1066 3372 1166 3424 est.
1204 3368 1356 3436 {lugo
1385 3367 1634 3440 princeps
1658 3369 1768 3436 jam
1795 3370 1997 3444 partem
2024 3367 2181 3437 hujus
2207 3381 2304 3426 re-

73 3461 414 3530 gionis.post
439 3460 662 3514 mortem
689 3459 834 3525 regis
861 3454 1069 3514 Rudolli
1103 3455 1249 3512 fratri
1278 3458 1396 3524 ejus
1427 3457 1636 3525 Hugoni
1673 3456 1836 3527 Nigro
1866 3462 2180 3528 extorserat,
2207 3470 2301 3514 re-

73 3547 225 3618 liqua
254 3552 429 3603 morte
458 3546 604 3616 Nigri
634 3548 915 3602 transierat
943 3548 998 3600 in
1027 3542 1407 3616 Giselbertum,
1433 3546 1525 3615 qui
1551 3560 1584 3601 a
1612 3549 1763 3618 patre
1791 3559 1890 3601 suo
1918 3544 2167 3602 manasse
2188 3547 2303 3615 jam

71 3637 185 3691 tum
215 3638 501 3692 comitatus
526 3634 844 3706 complures,
863 3631 1313 3703 cabillonensem,
1338 3631 1885 3704 Autissiodoreusem,
1904 3632 2301 3707 Diviouemem,

71 3723 420 3795 Belneusem,
449 3723 703 3780 habuisse
731 3723 978 3779 creditur.
1050 3720 1133 3776 lta
1158 3720 1214 3777 in
1243 3718 1432 3777 Odone
1473 3722 1709 3791 lingonis
1729 3720 1857 3794 filio,
1885 3721 2175 3779 Glselberti
2199 3735 2304 3793 ge-

69 3826 222 3885 nero,
253 3813 454 3869 coaluit
482 3826 674 3883 corpus
699 3813 909 3882 insigne
936 3809 1252 3878 Burgundici
1283 3810 1525 3877 ducatus,
1566 3810 1658 3880 qui
1686 3822 1784 3880 per
1817 3808 1988 3867 multa
2028 3811 2218 3868 secula
2241 3813 2300 3869 in

72 3899 339 3972 Capetina
366 3900 569 3958 familia
592 3903 903 3971 permansit.
954 3898 1023 3954 Et
1051 3900 1284 3954 extincto
1312 3896 1508 3955 Carolo
1529 3898 1746 3956 Audace
1772 3898 1959 3956 seculo
1988 3905 2112 3972 post
2137 3899 2298 3957 Chri-

75 3992 219 4047 stum
253 3995 439 4048 uatum
467 3993 653 4060 quinto
675 3991 902 4061 decimo,
936 4000 1111 4059 aroge
1141 3986 1345 4044 Galliae
1360 3987 1633 4044 Ludovico
1646 3986 1732 4043 XI.
1750 4001 1981 4045 coronae
1999 3989 2303 4046 vindicatus

72 4082 176 4150 est,
213 4080 322 4137 etsi
362 4078 530 4135 Maria
574 4078 683 4135 lilia
718 4078 945 4135 Audacis
992 4091 1109 4134 cum
1139 4078 1328 4134 marito
1364 4074 1727 4132 maximiliano
1779 4075 2060 4135 Austriaco
2101 4078 2169 4133 ad
2202 4080 2299 4149 jus

76 4167 407 4225 succedendi
437 4168 729 4224 traductum
758 4169 814 4224 ln
843 4166 1104 4223 foeminas
1132 4165 1506 4237 proclamaret.

215 4257 304 4311 50.
376 4255 597 4313 mabilio
627 4255 731 4311 hoc
759 4271 900 4313 anno
926 4270 980 4313 n.
1010 4255 1093 4311 79.
1122 4255 1465 4311 donationem
1493 4254 1674 4327 refert,
1716 4255 2040 4312 monasterio
2069 4253 2125 4310 S.
2153 4252 2298 4313 Petri

76 4339 396 4402 carnutensi
423 4345 618 4402 factam
637 4343 802 4401 alodii
825 4346 883 4401 in
907 4343 1037 4402 villa
1057 4343 1315 4416 Condato,
1333 4345 1584 4401 territorii
1597 4342 1965 4400 Corbonensis
1989 4343 2056 4422 ad
2084 4341 2298 4401 fluvium

78 4428 333 4492 odanam.
405 4434 466 4490 Id
512 4433 724 4506 quidam
768 4432 1007 4493 vendunt
1051 4433 1308 4493 Girvardo
1341 4433 1498 4492 militi
1546 4431 1806 4505 fratrique
1846 4434 1965 4505 ejus
2002 4430 2298 4491 Gertranno
