2817 4959
673 201 1735 304 ANNALnsluPnnrr
2186 235 2314 303 ue

69 406 460 465 Guormouem
498 408 668 478 primo
708 409 911 480 impetu
950 410 1027 470 ita
1063 413 1362 483 perterruit,
1403 413 1465 467 ut
1488 423 1677 482 pacem
1703 409 1929 484 peteret,
1968 410 2224 483 imperata
2251 425 2316 472 se
2341 407 2566 482 A-OE‘l·

83 494 358 552 facturum
404 496 707 568 sponderet.
799 495 1159 555 Marchionem
1206 497 1436 569 denique
1478 505 1534 557 et
1576 514 1693 556 cum
1734 496 2007 571 praesidio
2049 499 2318 558 coloniam

80 585 365 641 Saxonum
394 589 538 640 trans
564 585 811 641 Eidoram
838 589 894 643 in
921 589 1040 657 ipso
1069 585 1338 643 Danorum
1365 587 1485 643 solo
1515 587 1748 644 collocat
1772 588 1828 643 in
1855 588 1996 660 loco,
2035 590 2126 659 qui
2152 589 2316 646 Dauis

84 673 353 744 Haidaba,
400 675 600 728 nostris
641 673 979 730 Sliaswicum
1015 675 1204 746 (quasi
1244 677 1301 732 in
1340 674 1487 732 Sliae
1534 677 1685 746 sinu)
1723 680 1836 746 jam
1877 680 1985 732 turn
2025 677 2316 748 dicebatur,

83 761 282 818 nobile
321 760 516 820 dudum
551 763 866 836 emporium,
905 768 1122 834 Jamque
1162 763 1449 822 Rernberto
1489 765 1547 822 iu
1580 766 1691 820 vita
1715 763 1997 822 Auscharii
2031 765 2318 823 laudatum.

86 849 249 906 Haec
273 849 414 905 Saxo
438 854 808 920 grammaticus
837 854 1001 908 nimio
1030 851 1220 908 Danioi
1246 853 1478 909 nominis
1505 852 1681 908 studio
1710 851 2080 912 dissimulavit.
2138 853 2319 910 Dauos

87 938 165 994 ab
195 937 432 995 Henrico
468 939 781 1008 subjugatos
806 941 894 1012 (id
923 944 1010 997 est
1034 941 1210 997 victos
1239 945 1294 999 et
1320 941 1386 997 ad
1417 941 1942 1012 tributumoadactos)
1982 943 2143 999 etiam
2167 939 2322 997 Luit-

85 1027 333 1098 prandus
353 1031 624 1100 memorat,
649 1032 704 1084 et
721 1043 791 1085 ex
809 1042 876 1085 eo
898 1044 1140 1099 maguam
1159 1033 1276 1098 ejus
1296 1031 1456 1086 etiam
1475 1030 1613 1101 apud
1634 1034 1849 1086 exteras
1877 1031 2068 1101 gentes
2095 1028 2319 1099 gloriam

89 1116 289 1188 fuisse,
331 1115 647 1187 triumphata
684 1121 864 1189 gente,
895 1118 1217 1174 Francorum
1257 1118 1501 1175 cladibus
1537 1119 1722 1190 nobili,
1764 1131 1901 1188 quae
1939 1118 2077 1189 apud
2104 1118 2322 1188 Aquas-

87 1207 252 1274 grani
278 1203 456 1261 Caroli
494 1203 670 1273 Magni
710 1205 898 1262 sedem
926 1208 1331 1275 combussisset,
1360 1212 1608 1278 quae-tot
1632 1208 1771 1264 mala
1799 1206 2006 1262 Galliae
2022 1205 2322 1263 intulisset.

88 1293 375 1363 Cypraeus
397 1292 665 1348 annalium
694 1292 1135 1352 Sleswicensium
1162 1299 1393 1367 scriptor
1423 1296 1598 1367 prodit
1624 1298 1931 1364 memoriae,
1958 1308 2138 1351 arcem
2164 1294 2317 1350 Sles-

88 1383 229 1438 wici
261 1380 327 1435 ab
360 1379 593 1436 Henrico
624 1385 932 1453 extructam,
962 1386 1114 1452 cujus
1133 1386 1361 1453 vestigia
1379 1398 1489 1441 non
1518 1385 1676 1453 longe
1705 1384 1772 1440 ab
1802 1384 1939 1441 aede
1958 1382 2321 1453 Heidebyensi

90 1471 403 1540 supersint3
443 1473 500 1524 ut
527 1470 596 1524 de
623 1484 682 1526 re
712 1469 954 1527 dubitare
979 1486 1138 1530 nemo
1165 1474 1367 1543 possit;
1397 1471 1559 1530 hodie
1580 1473 1833 1529 Veterem
1858 1472 2087 1543 Burgum
2110 1469 2322 1544 (Olde-

98 1558 276 1627 burg)
303 1557 580 1628 appellari.

246 1648 298 1701 7.
368 1645 606 1702 Cnubam
633 1657 815 1714 regem
841 1646 976 1702 Dani
1003 1648 1296 1716 scriptores
1323 1649 1602 1716 ignorasse
1628 1648 1959 1706 videbantur.
2012 1646 2161 1706 Unus
2184 1660 2322 1704 cae-

94 1738 234 1792 teris
276 1735 580 1803 diligentior
619 1735 913 1794 Tormodus
954 1733 1214 1790 Torfaeus
1253 1734 1535 1791 lelandus:
1588 1735 1819 1791 Gormus
1845 1750 1951 1791 rea:
1989 1736 2226 1806 (iuquit)
2258 1738 2323 1790 in

93 1825 255 1880 illam
265 1828 476 1893 partem
488 1823 717 1894 Daniae,
736 1838 874 1894 quae
890 1826 1020 1878 tunc
1031 1824 1486 1894 Reitqotulendia,
1503 1825 1627 1891 jam
1648 1839 1778 1879 vero
1788 1824 1941 1880 Jutia
1957 1827 2322 1895 nuncupatur,

96 1912 369 1968 adversus
405 1924 583 1982 reqem
620 1912 887 1983 quendam
928 1911 1174 1983 Gnupan
1213 1913 1419 1967 dietum
1461 1926 1582 1966 cum
1624 1914 1873 1968 excercitu
1904 1911 2189 1982 profectus
2227 1915 2323 1982 eet,

97 2014 262 2073 quem
291 2003 418 2068 post
455 2000 657 2071 aitque!
687 2002 908 2069 peaelia
941 2002 1157 2071 occidit,
1179 2004 1248 2055 -et
1273 2014 1496 2071 regnum
1529 2001 1698 2070 ἐρείπια
1732 2003 1795 2055 ἑτι
1815 2015 1984 2056 suam
2003 2004 2321 2071 potestatem

95 2090 325 2158 redegit,
359 2088 578 2143 tandem
613 2091 673 2143 in
705 2091 975 2145 interiora
1002 2087 1123 2159 (vel
1152 2091 1330 2159 potius
1349 2087 1643 2157 ulteriora)
1667 2088 1847 2146 Juuae
1869 2103 2113 2160 perperis,
2142 2102 2326 2144 omnes

97 2191 260 2248 rege-s
297 2177 375 2231 od
411 2176 703 2232 Sleavt‘cum
742 2192 910 2248 usque
947 2179 1156 2250 devicit,
1197 2181 1250 2233 et
1288 2192 1541 2248 magnam
1575 2180 1788 2245 partem
1832 2177 2189 2233 Vindlaudiae
2224 2178 2326 2232 sibi

98 2265 352 2333 subjecit.
410 2264 517 2320 Sed
544 2264 692 2335 haec,
728 2267 784 2319 ni
815 2264 988 2337 fallor,
1025 2267 1082 2321 in
1108 2272 1293 2324 nostra
1317 2280 1428 2322 nen
1450 2266 1588 2320 satis
1616 2267 1874 2335 aptantur.
1913 2264 2115 2322 ·Cnuba
2130 2265 2248 2336 ille,
2277 2268 2326 2321 si

101 2356 231 2426 quis
250 2352 352 2409 tuit
369 2353 603 2422 regulus,
627 2367 736 2408 non
760 2355 818 2408 in
844 2353 1075 2410 confinio
1104 2355 1389 2427 Saxonum,
1419 2356 1518 2412 sed
1544 2354 1687 2409 Jutia
1712 2354 1968 2411 interiore
1996 2357 2123 2424 egit.
2175 2355 2326 2411 Hen-

103 2445 224 2499 rico
254 2457 373 2498 cum
399 2443 519 2513 ipso
545 2440 844 2498 Guormone
873 2455 964 2497 res
996 2442 1112 2515 fuit,
1141 2448 1196 2500 et
1222 2448 1281 2499 ut
1308 2443 1534 2501 arbitror
1559 2441 1822 2514 (Torfaeo
1852 2446 2014 2501 etiam
2035 2442 2139 2499 huc
2156 2443 2328 2499 incli-

105 2532 307 2600 nante)
326 2544 442 2586 curn
464 2529 572 2584 filio
595 2533 711 2599 ejus
732 2544 842 2585 non
854 2529 1040 2588 Cuuba
1057 2531 1156 2588 sed
1172 2531 1359 2604 Cnuto,
1380 2532 1435 2586 id
1453 2538 1537 2586 est
1551 2531 1759 2587 Canuto
1775 2534 2005 2599 (rectius
2026 2532 2169 2587 enim
2190 2530 2329 2601 apud

109 2621 423 2689 Ditmaruru,
456 2632 614 2688 quam
650 2618 786 2689 apud
815 2619 1160 2675 witikindum
1192 2634 1387 2676 nomen
1417 2633 1726 2688 expressum
1756 2618 2028 2689 arbitror),
2054 2621 2151 2673 cui
2178 2624 2332 2689 pater

109 2710 268 2764 vivus
313 2709 462 2776 regni
507 2708 701 2763 extima
748 2706 1047 2778 crediderit,
1095 2712 1149 2763 et
1193 2709 1283 2776 qui
1321 2711 1435 2776 jam
1478 2711 1585 2762 tum
1626 2721 1659 2761 a
1701 2706 1807 2762 tide
1847 2710 1903 2763 in
1931 2705 2197 2762 Christum
2221 2720 2333 2763 non

109 2797 339 2867 alienus,
368 2795 612 2851 hortante
646 2795 875 2851 Henrico
905 2794 1224 2865 baptismum
1251 2795 1543 2851 admiserit.
1616 2793 1888 2849 Tributum
1916 2796 2078 2850 etiam
2106 2793 2333 2850 arbitror

107 2899 221 2941 non
261 2884 327 2939 ad
371 2898 557 2940 omues
598 2883 796 2955 Dauos,
829 2882 925 2939 sed
955 2884 1022 2939 ad
1050 2882 1302 2939 finitimos
1330 2885 1686 2955 pertinuisse;
1726 2880 1861 2937 illud
1884 2895 2016 2938 vero
2045 2880 2335 2939 Guormoni

111 2986 442 3045 expressum,
470 2977 528 3027 ut
554 2985 588 3027 a
616 2972 812 3028 Christi
840 2971 985 3028 cultu
1010 2973 1278 3028 neminem
1307 2971 1630 3044 prohiberet.
2350 3010 2356 3018 -

252 3061 306 3117 8.
379 3060 679 3132 Haraldum,
725 3074 888 3133 quem
929 3066 1084 3132 pater
1122 3065 1247 3131 post
1288 3059 1478 3116 Canuti
1520 3065 1744 3116 mortem
1781 3061 1838 3115 in
1877 3058 2136 3130 collegam
2182 3061 2333 3129 regni

108 3153 396 3222 asciverat,
424 3148 637 3218 quidam
665 3148 919 3224 scribunt,
954 3149 1021 3204 ab
1050 3148 1275 3207 Unnone
1303 3148 1692 3220 Hamburgeusi
1727 3147 2134 3221 archiepiscopo
2178 3163 2335 3205 sacro

107 3241 332 3297 lavacro
372 3239 622 3308 tinctum,
664 3236 898 3294 Adamus
940 3238 1243 3295 Bremensis
1282 3240 1507 3294 rectius:
1547 3236 1752 3294 favisse
1789 3237 2336 3307 quidem¹christlanis

109 3327 349 3399 inpulsu
389 3325 646 3398 UnuouiS,
687 3325 785 3381 sed
825 3327 1086 3383 initiatum
1127 3326 1337 3382 Christo
1375 3339 1486 3383 non
1526 3325 1713 3397 tuisse,
1755 3330 1811 3381 et
1851 3328 1917 3383 ad
1958 3330 2101 3383 vitae
2138 3328 2338 3384 exitum

109 3429 291 3487 usque
330 3415 631 3484 ambiguum
666 3412 931 3470 haesisse.
1003 3414 1140 3470 lllud
1170 3420 1395 3487 constat,
1422 3415 1507 3470 his
1537 3414 1864 3486 temporibus
1892 3413 2171 3471 Unnonem
2199 3429 2337 3485 apo-

110 3506 364 3561 stolicam
405 3503 801 3576 expeditionem
843 3505 1169 3574 suscepisse,
1209 3507 1264 3559 et
1304 3502 1573 3560 ecclesias
1603 3517 1700 3576 per
1728 3504 2147 3574 septentrionem
2172 3515 2339 3558 reno-

111 3605 299 3663 vasse,
337 3595 614 3662 sacrisque
640 3589 914 3647 laboribus
941 3592 996 3646 iu
1024 3591 1217 3646 Suecia
1244 3591 1458 3647 tandem
1485 3595 1820 3648 immortuum
1847 3590 2035 3648 fuisse.
2108 3588 2337 3646 Guormo

113 3684 477 3751 cognomento
519 3679 862 3737 Grandaevus
908 3680 1079 3734 dictus
1123 3684 1221 3752 est,
1259 3682 1431 3737 visum
1461 3693 1626 3736 senex
1663 3680 1857 3751 amisit,
1883 3692 2006 3734 mox
2026 3678 2176 3734 circa
2201 3692 2249 3735 a.
2276 3678 2339 3738 Ι).

115 3770 240 3826 936.
275 3770 480 3826 obiisse
509 3768 740 3825 traditur.

261 3858 313 3913 9.
387 3857 735 3914 Continuator
753 3857 1039 3926 Regiuonis
1068 3857 1270 3926 scribit,
1296 3857 1579 3914 Henricum
1609 3857 1799 3914 eodem
1826 3869 1968 3912 anno
1990 3868 2171 3926 regem
2194 3856 2340 3913 Abo-

114 3949 366 4003 tritorum
410 3950 466 4002 et
508 3959 688 4015 regem
715 3945 979 4002 Danorum
1022 3943 1338 4001 christianos
1380 3949 1597 4002 iecisse.
1669 3944 1739 4000 Ut
1776 3942 2034 4002 credibile
2064 3948 2151 4017 sit,
2179 3960 2343 4003 exer-

114 4040 288 4091 citum
323 4038 379 4090 iu
414 4034 596 4091 Dauos
641 4035 921 4090 ducentem
962 4048 1060 4103 per
1089 4032 1362 4090 Abotritos
1402 4036 1505 4091 iter
1532 4034 1746 4104 iecisse,
1788 4036 1878 4105 qui
1913 4036 2052 4092 inter
2085 4034 2342 4092 Redarios

111 4125 478 4194 Wagriosque
528 4126 671 4179 circa
716 4123 963 4178 Waruam
1009 4121 1236 4194 nuvium,
1286 4123 1338 4177 id
1386 4129 1471 4178 est
1523 4125 1664 4178 inter
1706 4123 1891 4179 Panim
1935 4126 1992 4180 et
2035 4124 2344 4194 Travenan,

110 4212 461 4274 habitabant:
505 4212 632 4267 inde
670 4225 763 4282 per
801 4211 1061 4280 Wagrios,
1103 4211 1294 4267 Slavos
1333 4216 1388 4267 et
1435 4209 1823 4281 Nordalbingos
1862 4211 2119 4283 Saxones,
2166 4212 2219 4266 id
2261 4216 2346 4266 est

111 4301 448 4359 Stormarios
490 4300 866 4371 Holsatosque,
901 4301 965 4355 ad
998 4300 1244 4356 Eidoram
1287 4307 1343 4355 et
1370 4297 1505 4355 fines
1534 4299 1797 4356 Danorum
1824 4303 2156 4372 pervenisse.
2229 4299 2347 4354 Nisi

113 4391 372 4448 malimus
413 4390 670 4446 victorem
713 4391 767 4442 iu
811 4387 999 4460 reditu,
1041 4390 1179 4445 flexo
1208 4389 1276 4445 ad
1305 4390 1576 4445 sinistram
1606 4390 1814 4460 itincre,
1847 4389 2117 4446 Abotritos
2149 4387 2346 4460 adisse,
