2817 4959
441 239 525 309 ΟΒ
1016 239 1560 310 ᾺΝΝΑΕΕΒ
1621 240 2088 311 turnum

192 417 411 488 A.881.
437 416 692 489 Palatium
721 414 1109 486 amplissima
1137 419 1193 472 et
1218 417 1336 471 miri
1364 418 1546 486 operis
1569 431 1667 486 pro
1694 419 2020 474 munimento
2049 416 2376 477 tenebant.
2421 420 2668 479 Obsidio
2691 427 2744 480 in

434 508 679 578 hyemem
707 508 975 577 protracta
1002 509 1106 574 est,
1132 510 1454 576 captumque
1480 504 1558 560 ihi
1570 505 1932 562 Eberhardum
1955 506 2273 578 saxonem,
2309 507 2503 566 filiun
2527 510 2746 581 Megia-

437 598 589 653 hardi
629 597 857 664 comitis,
903 592 1131 650 Emessa
1165 598 1337 651 mater
1372 609 1565 662 magno
1601 597 1775 665 pretio
1802 595 2048 651 redemit.
2129 595 2476 654 Eberhardi
2507 601 2738 657 caedem

436 685 848 741 memorabimus
869 683 945 738 ‘ad
970 698 1023 738 a.
1054 683 1117 739 D.
1143 685 1264 742 898.
1340 682 1630 755 Postremo,
1672 698 1791 739 cum
1825 683 1896 738 oh
1938 685 2388 743 inclementiam
2441 693 2598 745 aeris
2642 705 2736 746 rex

433 791 620 847 partun
647 773 952 845 proliceret,
980 773 1407 843 paeto=discessu
1426 773 1862 844 Nomaunorum,
1890 773 2106 828 obsidio
2129 774 2342 831 soluta
2370 782 2484 834 est.
2528 778 2729 836 Hostes

433 865 690 937 palatium
720 863 973 932 etvicina
998 861 1119 916 loca
1139 867 1442 931 exurentes,
1467 863 1782 917 conscensis
1807 861 2050 933 navibus,
2078 876 2196 934 per
2228 866 2392 921 ostia
2415 866 2602 922 Rheni
2633 881 2730 922 ex-

436 955 649 1011 cedunt.
722 952 835 1008 Rex
859 949 1121 1021 paschate
1147 954 1269 1004 acto
1310 952 1367 1005 in
1405 948 1757 1006 Lethariense
1797 964 2019 1020 regnum
2046 952 2383 1026 profectus,
2435 955 2724 1025 nugonem

434 1043 669 1099 Letharii
698 1040 862 1096 fllium
892 1039 961 1095 ad
990 1049 1053 1095 se
1080 1040 1386 1094 venientem
1415 1041 1606 1094 iterum
1633 1043 1691 1094 in
1717 1037 1875 1095 fide·
1909 1043 2182 1113 suscepit,
2237 1045 2426 1112 eique
2473 1044 2721 1100 abbatias

434 1138 488 1190 et
514 1134 800 1188 comitatus
827 1125 1081 1184 beneficii
1109 1126 1232 1193 lege
1260 1128 1551 1183 concessit.
1621 1127 1729 1184 Sed
1758 1128 1852 1183 ille
1879 1143 2004 1183 mox
2029 1134 2207 1200 pacta
2239 1132 2502 1204 infregit,
2527 1136 2714 1190 novis-

433 1237 537 1294 que
565 1220 735 1277 turbis
762 1216 1027 1286 excitatis,
1056 1217 1111 1270 iu
1141 1215 1491 1285 Burgundiam
1519 1215 1645 1285 fuga
1671 1216 1856 1287 lapsus
1885 1223 1986 1273 est.

572 1310 659 1366 1³.
730 1305 1016 1363 Nomauni
1045 1309 1335 1374 appetente
1360 1304 1554 1373 hyeme
1581 1308 1719 1374 (qua
1746 1309 1872 1362 anni
1899 1311 2244 1378 tempestate
2271 1310 2711 1380 praevalebant)

430 1397 722 1469 majoribus
758 1393 965 1450 viribus
1008 1393 1251 1450 redeunt.
1323 1393 1442 1449 Bini
1482 1408 1657 1464 reges,
1705 1392 2026 1450 Godefridus
2076 1401 2140 1452 et
2192 1398 2541 1472 sigefridus,
2590 1415 2706 1455 cum

432 1502 624 1557 magna
654 1487 890 1556 equitum
928 1481 1276 1553 peditumque
1302 1481 1638 1537 multitudine
1681 1481 1869 1538 Mosae
1903 1485 2073 1554 ripam
2112 1489 2345 1558 tenent,
2395 1487 2596 1559 ibique
2640 1487 2705 1543 ad

430 1574 720 1632 Hesionam
764 1579 941 1628 castra
986 1572 1363 1639 communiunt,
1404 1574 1466 1626 ut
1505 1574 1669 1626 tutam
1711 1575 1998 1627 stationem
2037 1576 2275 1631 navium
2305 1576 2620 1642 haherent;
2645 1578 2700 1632 in

429 1677 587 1736 quam
633 1667 689 1719 et
730 1662 930 1733 praeda
980 1661 1416 1729 comportat-etur.
1505 1658 1793 1716 Ascloham
1832 1666 1993 1716 vocat
2039 1661 2353 1720 Fuldensis
2413 1667 2696 1736 annalista,

428 1751 723 1809 miliaribus
751 1765 782 1805 a
811 1748 998 1806 Rheno
1029 1749 1110 1819 tt,
1149 1745 1481 1804 Her-annus
1511 1746 1826 1806 Contractus
1857 1748 2060 1806 Canisii
2087 1751 2457 1810 Ascaleham.
2523 1756 2691 1810 Primo

428 1845 630 1912 impetu
659 1839 915 1895 Leodinm
958 1837 1243 1906 civitatem,
1286 1837 1587 1905 Traiectum
1629 1839 1880 1909 castrum,
1923 1840 2309 1907 Tungrensem
2356 1843 2554 1899 urbem
2599 1857 2695 1899 ca-

428 1933 579 2002 piunt
624 1932 985 1997 cremantque.
1074 1926 1207 1982 Inde
1248 1926 1316 1982 ad
1362 1925 1640 1995 Ripuarios
1682 1926 2027 1997 Rhenumque
2074 1933 2364 2002 conversi,
2412 1930 2688 2000 caedibus,

430 2020 646 2090 rapinis,
692 2017 959 2073 incendiis
1006 2017 1185 2071 omnia
1228 2011 1562 2082 deformant3
1603 2013 1880 2072 Coloniam
1920 2017 2283 2087 Agrippinam
2332 2021 2688 2090 Bunnamque

431 2105 678 2164 civitates
707 2106 1117 2174 adiacentiaque
1148 2101 1389 2171 castella,
1416 2101 1739 2174 Tulpiacum,
1778 2104 2059 2177 luliacum,
2105 2105 2451 2179 Noresium;
2496 2121 2682 2164 mona·

431 2199 597 2252 steria
649 2193 905 2262 bidense,
956 2192 1463 2248 malmundariense
1517 2193 1575 2246 et
1626 2190 1953 2249 stabulense
2003 2196 2061 2249 iu
2127 2197 2357 2253 cineres
2415 2199 2679 2267 redigunt.

430 2285 684 2355 Aquense
714 2277 969 2352 palatium
999 2284 1258 2344 evertunt,
1288 2284 1343 2336 et
1370 2282 1427 2333 in
1456 2280 1736 2348 magnifica
1765 2283 1914 2352 aede,
1945 2296 1977 2337 a
2006 2281 2201 2352 niagno
2223 2285 2434 2342 carolo
2463 2289 2676 2356 structa,

429 2374 583 2442 equis
611 2369 863 2441 pabulum
890 2369 1167 2439 praebent.
1242 2367 1320 2423 Eo
1348 2382 1439 2423 res
1468 2368 1786 2433 Francorum
1830 2370 2116 2443 deciderat,
2160 2374 2466 2443 languente
2497 2375 2677 2430 Ludo-

429 2464 552 2516 vico
580 2472 728 2530 rege,
757 2457 983 2514 absente
1011 2455 1174 2513 fratre
1205 2459 1323 2525 ejus
1353 2454 1545 2513 Carolo
1576 2461 1913 2529 imperatore,
1961 2460 2187 2516 turbatis
2228 2462 2516 2517 hominum
2559 2464 2677 2517 ani-

428 2551 537 2620 mit,
566 2553 624 2603 ut
651 2551 705 2603 in
734 2548 913 2602 subito
940 2546 1115 2612 malo;
1143 2544 1406 2614 neglectis
1437 2543 1681 2602 consiliis
1711 2547 2051 2617 salutat-ibae,
2081 2563 2221 2618 quae
2249 2565 2430 2622 nuper
2450 2555 2507 2606 in
2528 2550 2673 2606 Gau-

432 2637 559 2693 dulfi
622 2638 752 2692 villa
811 2639 971 2705 capta
1032 2638 1202 2690 erant.
1295 2629 1575 2707 Reliquiae
1632 2642 1951 2708 sanctorum,
2010 2637 2248 2692 thesauri
2308 2639 2670 2695 ecclesiarum

426 2726 822 2795 moguntiacum
860 2724 1073 2796 aliaque
1100 2724 1159 2780 in
1196 2723 1322 2779 loca
1356 2728 1555 2786 tutiora
1589 2724 1996 2779 transferuutur.
2077 2723 2355 2794 canonici,
2399 2727 2667 2798 monachi,

427 2815 863 2872 sanctimoniales
885 2813 1177 2885 diffumunt,
1198 2828 1301 2885 qua
1318 2817 1562 2884 possunt.
1599 2809 1877 2882 Plerisque
1889 2812 2074 2882 sylvae
2093 2810 2319 2867 latibula
2341 2813 2666 2882 praebuere.

570 2905 653 2960 it.
728 2904 884 2961 Circa
923 2903 1060 2960 haec
1095 2889 1340 2976 tempora
1380 2903 1573 2959 Slaros
1614 2904 1780 2959 etiam
1817 2903 1995 2956 vicina
2036 2899 2296 2970 quaedam
2338 2899 2660 2958 Germaniae

435 2992 557 3049 loca
586 2993 878 3049 infestasse
907 2996 1147 3061 apparet.
1218 2990 1607 3048 In-annalibus
1655 2987 2190 3048 Hildeshemensibus
2232 2994 2455 3046 notatur
2500 2992 2568 3046 ad
2611 3005 2656 3046 a.

428 3080 578 3136 Doni.
605 3081 728 3149 885,
755 3080 843 3135 vel
878 3081 1059 3146 potius
1085 3075 1209 3146 88¹,
1238 3093 1360 3133 nam
1389 3080 1519 3134 nihil
1547 3082 1889 3148 mter-jectam
1916 3083 2019 3151 est,
2045 3078 2154 3133 hoc
2168 3091 2310 3134 anuo
2329 3078 2650 3135 Woliherum

426 3171 739 3240 episcopum
769 3177 888 3220 cum
916 3164 1038 3219 aliis
1067 3164 1248 3218 multis
1277 3169 1515 3221 occisum
1546 3165 1718 3222 tbisse
1745 3183 1778 3222 a
1805 3168 1999 3225 slavis.
2096 3166 2165 3222 Et
2189 3168 2246 3223 in
2276 3168 2433 3224 fastis
2460 3168 2649 3224 nostris

427 3257 494 3313 ad
523 3270 570 3310 a.
598 3254 658 3309 D.
685 3253 807 3309 881.
836 3265 981 3308 mors
1008 3249 1273 3308 wolfheri
1297 3254 1541 3323 episcopi
1567 3252 1813 3326 refertur,
1852 3256 1919 3310 de
1961 3258 2118 3324 quus
2143 3256 2278 3313 sede
2308 3258 2530 3329 amplius
2559 3256 2640 3307 in·-

429 3337 759 3417 quirendum.
843 3342 974 3397 Eum
1022 3342 1089 3397 ad
1140 3340 1382 3396 Saxones
1428 3341 1719 3396 retulerim.
1811 3341 2316 3417 Halherstadenses,
2367 3341 2638 3401 Hildeshe-

427 3443 661 3504 mensa,
702 3431 1010 3488 mindenses
1052 3432 1296 3503 episcopi
1324 3431 1459 3485 satis
1486 3435 1812 3502 nuscuntur3
1845 3430 2153 3488 verdenses
2198 3433 2359 3504 hujus
2397 3431 2638 3502 temporis

426 3527 534 3579 non
563 3524 724 3588 satis3
752 3523 936 3591 itaque
958 3509 1031 3576 'ad
1058 3519 1186 3576 illos
1214 3522 1486 3592 pertinere
1514 3520 1920 3593 suspicabimur,
1958 3521 2135 3577 donec
2173 3525 2406 3580 certiora
2447 3533 2637 3590 coguo-

427 3613 660 3668 scantur.

440 3703 447 3714 ’
569 3700 654 3755 15.
730 3697 847 3754 Hoc
874 3707 1012 3754 anno
1041 3699 1123 3768 (si
1150 3698 1403 3754 chronico
1432 3698 1736 3755 senonensi
1765 3700 2065 3770 credimus)
2107 3699 2342 3757 defuncti
2384 3701 2503 3756 sunt
2535 3696 2632 3751 duo

429 3789 714 3847 clarissimi
759 3787 956 3844 fratres
994 3786 1343 3858 Weffigenae,
1392 3786 1636 3844 Conrado
1687 3787 1848 3845 fratre
1898 3791 2253 3859 imperatricis
2297 3788 2540 3844 Judithae
2583 3782 2635 3838 et

428 3877 688 3935 Adelaide
734 3879 919 3946 regiae
965 3877 1148 3948 stirpis
1198 3876 1433 3932 foemina
1481 3879 1658 3948 geniti,
1695 3877 1910 3933 Welfus
1946 3876 2112 3933 abhas
2154 3879 2210 3933 S.
2245 3878 2483 3934 Germani
2524 3873 2630 3928 Au·-

427 3966 835 4023 tissiodorensis
885 3969 942 4022 et
985 3965 1040 4021 S.
1081 3965 1374 4026 Columbae
1417 3965 1705 4035 Senensis;
1752 3973 1806 4021 et
1850 3966 2125 4022 Conradus
2170 3980 2348 4022 comes
2377 3960 2629 4028 Parisiaci,

427 4068 588 4129 quem
614 4059 671 4111 et
696 4053 1067 4110 Rhaeticarum
1094 4056 1321 4126 partium
1357 4059 1411 4109 et
1456 4056 1667 4110 vicinae
1709 4055 2044 4124 Burgundiae
2082 4055 2269 4111 ducem
2307 4055 2475 4122 egisse
2504 4061 2625 4104 con-

429 4149 553 4202 stat.
624 4144 780 4199 Hunc
808 4158 904 4213 per
930 4144 1207 4213 {ingonem
1249 4142 1497 4200 abbatem
1539 4142 1773 4214 fratrem,
1817 4143 1916 4198 suh
1958 4143 2386 4200 adolescentibus
2427 4136 2625 4208 regibus

428 4247 604 4290 rerum
632 4232 1039 4302 moderatorem,
1065 4231 1467 4287 reconciliatum
1498 4230 1729 4287 dominis
1759 4232 2019 4288 credibile
2050 4237 2149 4289 est.
2223 4229 2469 4288 liudolfus
2494 4225 2621 4281 filius

432 4324 485 4377 ei
512 4323 566 4377 in
588 4321 889 4389 Burgundia
918 4320 1210 4384 successim
1256 4321 1347 4388 qui
1364 4323 1580 4390 ‘postea
1608 4324 1820 4389 regium
1840 4335 2036 4380 nomen
2066 4324 2270 4393 sumsit,
2298 4320 2425 4375 etin
2450 4317 2619 4386 poste-

430 4421 521 4464 ros
552 4410 859 4465 transmisit.
