2817 4959
454 229 585 300 320
1020 225 1553 294 ANNALES
1627 226 2086 296 IMPERII

205 402 429 477 ιω,
453 404 711 464 munisse
748 402 1007 460 intestino
1045 401 1206 459 hoste
1243 407 1452 459 mature
1490 401 1726 473 defungi,
1765 407 1826 460 ut
1861 406 1919 462 in
1956 407 2234 476 enter-num
2259 407 2541 464 valentior
2580 403 2766 467 iret

451 497 640 566 ltaque
684 495 889 561 magnis
931 492 1217 550 itineribus
1262 506 1295 548 a
1336 489 1582 549 Danubio
1625 492 1788 548 rediit
1830 493 1901 549 ad
1942 492 2195 564 Rbenum,
2242 500 2298 551 et
2341 493 2504 551 Gallo
2562 503 2766 555 sese

452 584 772 655 tempestive
800 580 1018 651 objecit.
1064 579 1194 636 Cum
1223 585 1397 636 castra
1425 582 1615 636 castris
1642 584 1893 652 opposita
1920 586 2123 654 essent,
2150 581 2468 640 Erlebaldus
2494 593 2766 643 comes

451 672 811 732 Castricensis
840 670 906 725 ad
933 683 1117 739 regem
1151 684 1305 726 sunm
1331 669 1682 741 contendens,
1722 685 1757 726 a
1782 670 1952 727 milite
1979 671 2198 728 Henrici
2223 670 2561 729 interfectus
2608 679 2766 731 eet-³

449 761 584 818 Eum
626 760 1178 817 excommunicaverat
1215 758 1478 814 Herirens
1519 757 1589 814 ob
1631 773 1720 815 res
1758 759 2039 816 Remensis
2070 760 2338 817 ecclesiae
2380 769 2766 834 occupatan

449 854 510 909 et
546 853 804 906 structam
845 847 912 903 ad
950 847 1211 903 Maserius
1252 848 1617 920 munitionem,
1657 850 1850 904 vicinis
1888 846 2155 905 infestam.
2208 848 2474 906 Mesieras
2522 849 2765 908 hodia

447 941 661 1010 vocant,
702 951 859 1008 quam
886 935 1258 1006 quadrimestri
1297 933 1581 994 obsidione
1610 936 2044 1010 archiepiscopus
2083 940 2298 994 tandem
2324 944 2765 1009 expugnarat

591 1030 643 1085 7.
712 1027 923 1082 Interea
950 1023 1299 1095 Giselbertus,
1341 1023 1537 1080 dudum
1563 1027 1678 1094 regi
1705 1040 1806 1083 suo
1835 1025 2088 1098 offensuS,
2130 1030 2184 1083 in
2210 1033 2451 1099 apertam
2488 1029 2765 1085 rebel-³

447 1117 651 1174 lienem
678 1116 868 1185 erupit,
909 1114 1026 1169 sive
1068 1113 1135 1168 ad
1174 1112 1462 1169 Henricum
1501 1104 1801 1185 respiciens
1843 1120 1898 1172 et
1924 1115 2113 1172 ducem
2153 1130 2218 1172 se
2245 1114 2765 1174 Lethariensium‘

447 1209 674 1277 paterno
709 1205 830 1272 jure
872 1200 1071 1273 ferens,
1113 1205 1267 1270 cujus
1307 1204 1714 1258 successionem
1740 1200 1962 1259 Carolus
1992 1203 2250 1273 negabat3
2292 1208 2410 1260 sive
2453 1209 2765 1274 regnum*

446 1297 624 1366 ipsum
651 1290 938 1348 affectans:
979 1304 1100 1346 nam
1129 1294 1356 1360 utroque
1398 1303 1563 1346 sensu
1604 1293 1779 1363 accipi
1816 1297 2012 1363 potest,
2049 1293 2189 1362 quod
2217 1293 2572 1349 Frodoardns
2608 1297 2740 1365 ait,

451 1381 813 1439 Giselbertum
851 1394 886 1435 a
925 1377 1165 1451 plurimis
1206 1376 1660 1450 LethariensihuS,
1716 1381 1908 1437 relicto
1951 1380 2146 1437 Carolo
2185 1394 2333 1450 rege,
2372 1383 2731 1453 principem

450 1471 714 1540 electum
754 1471 983 1541 priorem
1028 1473 1205 1523 tamen
1244 1468 1739 1539 interpretationem
1781 1471 1975 1526 malim.
2037 1469 2227 1539 Neque
2269 1471 2411 1525 enim
2452 1483 2732 1543 sperare
2764 1481 2765 1484 ’

451 1563 663 1632 poterat
681 1556 1031 1625 Giselbertus‚
1059 1558 1118 1610 ut
1134 1557 1275 1611 inter
1293 1555 1607 1613 Germaniae
1628 1554 1941 1628 Galliaeque
1966 1571 2123 1628 reges
2153 1558 2359 1613 medius
2386 1563 2725 1631 neutrique
2764 1571 2765 1584 ¹

451 1649 714 1705 obnoxius
757 1648 940 1701 staret.
1004 1643 1163 1701 Forte
1203 1649 1330 1701 tunc
1372 1642 1582 1700 obierat
1608 1643 1910 1716 Stephanus
1936 1648 2317 1717 ‘tungrensium
2361 1648 2487 1703 sive
2534 1648 2725 1704 Leo-
2764 1655 2765 1674 ³

452 1737 715 1793 diensium
743 1736 1049 1806 episcopus,
1078 1738 1134 1789 et
1161 1747 1535 1791 successorem
1561 1747 1659 1790 rex
1679 1734 1984 1792 Hilduinnm
2005 1738 2383 1792 nominaverat.
2432 1735 2559 1791 Sed
2595 1737 2715 1793 illo
2764 1737 2765 1754 ¹

452 1824 813 1883 Giselbertum
841 1822 1236 1880 desciscentem
1275 1827 1482 1895 secuto,
1523 1827 1723 1879 mutata
1762 1826 2045 1895 sententia,
2083 1824 2384 1880 Richarium
2420 1824 2715 1883 abbatem

452 1914 770 1994 substituit..
807 1911 1089 1969 Hilduinus
1115 1910 1483 1980 nihiloseciuS,
1522 1913 1797 1968 annitente
1826 1913 2146 1985 Giselberto,
2188 1913 2405 1970 favente
2433 1913 2600 1970 clero
2637 1921 2709 1972 et

447 2004 667 2075 populo,
708 2017 827 2058 cum
862 2005 1113 2073 jurasset,
1153 1999 1355 2057 habere
1393 2014 1521 2057 sese
1560 2003 1977 2057 nominationem
2003 2003 2148 2069 regis
2174 2014 2311 2057 voce
2350 2001 2569 2074 factam,
2620 2002 2705 2059 ab

446 2092 770 2149 Herimanno
799 2089 1110 2146 Coloniensi
1138 2088 1543 2159 archiepiscopo
1574 2089 1858 2144 ordinatur.
1897 2088 2266 2159 Herimannus,
2292 2092 2400 2145 vim
2427 2104 2459 2145 a
2491 2088 2708 2149 Gisel-

449 2180 604 2237 berto
655 2183 713 2236 et
759 2180 880 2248 ipso
931 2178 1162 2233 ilenrico
1216 2189 1348 2245 rege
1399 2178 1727 2248 intentatam,
1780 2179 2113 2232 excusationi
2168 2191 2301 2235 suae
2352 2181 2705 2250 praetendit.

448 2267 784 2325 Giselbertus
833 2268 936 2336 (an
980 2265 1171 2320 ducatu
1218 2267 1460 2334 extorto)
1512 2266 1627 2333 regi
1676 2279 1795 2320 cum
1843 2262 2082 2321 factione
2130 2280 2229 2322 sua
2275 2267 2701 2342 reconciliatus,

447 2354 754 2411 Hilduiuum
797 2352 1056 2409 destituit.
1117 2352 1170 2406 Is
1211 2353 1324 2408 irae
1364 2351 1542 2409 Caroli
1572 2351 1810 2424 relictus,
1852 2359 1997 2408 trans
2025 2353 2265 2410 Rhenum
2291 2354 2357 2409 ad
2386 2355 2697 2415 nauticum
2764 2355 2765 2374 ³

447 2442 705 2512 confugit,
729 2453 833 2496 nec
859 2439 927 2495 ab
955 2439 1277 2496 Herimanno
1306 2442 1518 2512 citatus,
1547 2441 1615 2497 ad
1656 2442 1915 2512 synodum
1941 2444 2119 2509 venit3
2167 2448 2559 2515 accusatusque
2589 2450 2699 2503 est

447 2532 630 2602 etiam,
674 2529 947 2586 ecclesiae
989 2528 1269 2585 thesauros
1315 2543 1499 2585 secum
1543 2529 1853 2587 abstulisse.
1913 2530 1992 2587 Ea
2033 2530 2258 2588 Carolus
2299 2531 2694 2602 indignissime
2764 2545 2765 2554 ¹

447 2621 585 2692 tulit,
627 2619 927 2702 literasque
960 2618 1029 2673 ad
1066 2617 1274 2673 Galliae
1318 2618 1599 2690 praesules
1646 2620 1919 2690 encyclias
1964 2621 2125 2691 misit,
2170 2634 2309 2690 quae
2351 2624 2564 2688 extant3
2618 2627 2690 2681 in

449 2707 645 2782 quibus
685 2708 967 2764 Hilduinus
1005 2709 1336 2779 intrusionis,
1384 2707 1656 2780 perfidiae,
1698 2712 1918 2779 rapinae
1957 2709 2324 2764 accusabatur.
2389 2707 2496 2764 Sed
2536 2710 2687 2769 illud
2764 2717 2765 2734 ¹

453 2798 684 2854 maxime
725 2798 931 2853 crimini
970 2796 1208 2868 dabatur,
1261 2796 1401 2867 quod
1444 2796 1511 2852 ad
1553 2798 1821 2853 inimicum
1860 2799 2155 2870 principem
2195 2796 2543 2868 confugisset.
2608 2802 2686 2859 In

452 2885 647 2944 iisdem
673 2886 848 2943 literis
878 2885 1100 2942 Carolus
1130 2890 1519 2957 commemorat,
1556 2900 1674 2941 cum
1703 2886 1914 2956 quidam
1942 2884 2187 2955 pestiferi
2214 2887 2314 2942 viri
2352 2901 2384 2941 a
2411 2885 2684 2947 fidelitate

453 2989 553 3032 sua
593 2976 996 3046 discessissent,
1052 2987 1385 3031 convocasse
1423 2988 1549 3030 sese
1590 2974 2024 3046 archiepiscopos
2080 2974 2319 3031 sedecim
2361 2977 2446 3030 sni
2487 2980 2679 3049 regni;

451 3062 740 3121 nonnullos
782 3065 944 3118 etiam
985 3062 1337 3135 marchiones,
1380 3065 1607 3119 comites
1649 3066 2056 3134 optimatesque,
2094 3067 2154 3119 ut
2193 3067 2372 3118 tautae
2412 3068 2679 3125 vesaniae

453 3151 665 3209 obviam
693 3154 875 3206 iretur.
911 3151 1079 3219 Hujus
1108 3153 1240 3207 tanti
1269 3156 1562 3207 conventus
1589 3149 1721 3207 alibi
1748 3152 1947 3207 mentio
1976 3166 2084 3207 non
2112 3156 2221 3221 est;
2250 3155 2398 3206 certe
2426 3166 2671 3220 magnam
2764 3147 2765 3158 ²

453 3239 750 3298 efficaciam
794 3252 903 3295 non
945 3237 1147 3295 habuit.
1218 3238 1414 3295 Contra
1461 3239 1764 3296 Hilduinum
1811 3242 1971 3296 etiam
2025 3240 2093 3297 ad
2133 3238 2426 3295 Iohannem
2472 3254 2669 3311 papam

455 3330 697 3401 scripsit:
729 3327 884 3383 simul
914 3325 1110 3398 effecit,
1135 3333 1193 3383 ut
1222 3328 1398 3383 clerus
1428 3327 1708 3397 Legieasis
1735 3330 1804 3385 ad
1832 3330 2060 3386 eundem
2086 3342 2178 3399 pro
2205 3324 2452 3382 Richario
2479 3327 2665 3388 literas

454 3417 622 3490 daret,
650 3418 803 3488 quasi
831 3414 1111 3472 Hilduinus
1138 3418 1319 3473 invitis
1349 3416 1598 3473 obtrusus
1626 3416 1836 3474 fuisset.

594 3507 646 3563 8.
717 3505 911 3562 Extant
950 3505 1110 3561 binae
1146 3504 1402 3561 Iohannis
1429 3506 1636 3577 literae,
1676 3520 1817 3563 unae
1844 3506 1910 3562 ad
1941 3506 2330 3577 lierimannum,
2374 3505 2569 3563 alterae
2593 3510 2655 3564 ad

456 3594 724 3652 Carolum.
768 3595 828 3650 ln
856 3594 1120 3666 prioribus
1149 3592 1408 3669 pontifex,
1435 3599 1577 3665 regis
1607 3597 1771 3651 decus
1809 3593 1913 3650 sibi
1945 3598 2092 3651 cordi
2121 3609 2260 3665 esse,
2290 3596 2533 3666 ostendit,
2567 3598 2651 3667 qui

453 3682 778 3755 Berengario
806 3684 1195 3756 gloriosissimo
1224 3685 1528 3756 imperatori
1554 3685 1785 3741 amicitia
1806 3689 1860 3739 et
1879 3686 2238 3751 sanguinitate
2258 3687 2474 3753 junctus
2494 3691 2649 3740 esset:

456 3772 614 3828 simul
657 3773 1031 3830 Herimannum
1081 3774 1334 3843 increpat,
1389 3779 1444 3829 et
1485 3787 1604 3830 cum
1638 3771 1899 3830 ambobus
1940 3774 2168 3828 aemulis
2212 3770 2434 3829 Octobri
2470 3785 2649 3844 nense,

455 3864 549 3916 aut
594 3863 642 3915 si
686 3867 862 3918 metus
907 3861 1200 3918 infidelium
1257 3863 1438 3919 itineri
1482 3863 1735 3933 obstaret,
1793 3864 2050 3933 proximis
2108 3861 2364 3918 Kalendis
2409 3861 2651 3933 Aprilibus

455 3947 657 4005 Romae
696 3948 893 4005 adesse
929 3951 1097 4022 jubet,
1138 3950 1205 4006 ad
1244 3953 1502 4007 rationem
1542 3951 1865 4008 reddendam
1893 3965 2217 4022 causamque
2258 3950 2654 4021 disceptandam.

455 4035 668 4094 Venere
713 4038 942 4093 aemuli:
989 4039 1364 4095 Herimannum
1402 4039 1654 4095 valetudo
1695 4042 1984 4096 excusavit.
2067 4039 2230 4095 Addit
2270 4039 2520 4112 pontifex,
2559 4044 2653 4097 imo

455 4124 690 4182 inculcat
732 4125 909 4195 (quod
952 4136 1246 4184 memoratu
1288 4128 1499 4198 dignum
1546 4129 1679 4199 est),
1734 4131 1868 4197 juris
1913 4129 2278 4184 ecclesiastici
2333 4129 2557 4197 regulam
2592 4145 2654 4186 ex
2764 4123 2765 4128 ’

458 4215 638 4284 prisca
675 4213 1063 4269 consuetudine
1103 4218 1304 4286 vigere,
1352 4231 1425 4272 ne
1466 4220 1582 4288 quis
1628 4217 1828 4273 clerico
1868 4220 2233 4288 episcopatum
2276 4219 2524 4288 conferat
2560 4223 2660 4277 nisi

458 4316 595 4367 reat,-
648 4305 800 4375 cujus
845 4301 1056 4358 scilicet
1100 4304 1416 4373 approbatio
1462 4311 1589 4378 post
1630 4308 1967 4363 sacerdotum
2013 4305 2336 4363 electionem
2387 4306 2655 4378 populique

457 4389 895 4452 acclamationem
933 4394 1243 4448 necessaria
1287 4397 1466 4450 esset:
1512 4397 1782 4453 neminem
1826 4396 1969 4454 enim
2014 4396 2135 4452 sine
2174 4393 2343 4464 regali
2385 4402 2651 4470 praecepto
