2817 4959
482 193 615 260 404
1063 189 1599 258 ANNALES
1662 190 2117 258 IMPERII

235 365 298 435 Α.
319 363 456 438 930,
485 366 629 440 facit,
653 364 748 440 qui
775 363 1135 438 septimaniae
1162 365 1395 422 marchio
1426 364 1542 437 fuit,
1569 371 1625 423 et
1652 369 1774 437 ipse
1800 366 1856 421 in
1885 365 2082 423 tabulis
2102 366 2371 435 Armorici
2384 364 2717 423 Narbonen-

480 457 558 513 sis
586 457 828 528 episcopt
854 460 1076 514 vocetur
1103 455 1208 511 dux
1231 454 1616 524 Aquitauorum
1654 469 1704 510 a.
1732 454 1794 509 D.
1823 452 1945 510 sto.
2007 453 2120 510 Sed
2154 456 2297 510 circa
2323 459 2549 526 tempus
2572 471 2717 526 nup-

479 548 670 603 tiarum
705 545 893 616 lapsus
934 551 1021 602 est
1046 547 1129 600 vir
1155 543 1343 600 doctus
1384 542 1455 599 ob
1483 545 1753 613 ignoratas
1779 542 2108 600 Ethelwerdi
2126 548 2191 598 et
2216 542 2500 598 Roswitae
2528 558 2717 599 narra-

479 637 673 706 tiones,
700 634 892 706 quibus
919 634 1179 704 inspectis
1208 631 1370 688 tucile
1390 632 1706 702 judicasset,
1735 646 1843 687 non
1862 646 1912 687 a.
1928 630 1990 686 D.
2010 631 2131 688 924.
2151 631 2238 689 vel
2260 630 2382 701 925,
2413 631 2525 688 sed
2552 631 2714 688 netto

477 723 653 780 serius
681 721 935 778 Eadivam
962 721 1231 778 Ludovico
1255 723 1491 791 nuptam,
1532 720 1587 776 id
1617 726 1702 777 est
1742 734 1849 777 uon
1883 726 2008 776 ante
2033 719 2177 776 bunc
2203 733 2417 778 annum.
2487 719 2716 776 Constat

477 813 712 881 virgines
754 810 958 881 aliquot
1002 814 1128 866 ante
1168 808 1380 865 ottonis
1422 810 1812 865 matrimonium
1852 811 2005 864 annis
2046 821 2117 864 ex
2152 807 2348 877 Anglia
2388 810 2630 865 venisse
2668 815 2717 865 et

477 898 736 970 Edgidam
761 898 854 955 vel
892 897 1137 954 Editham
1175 899 1233 954 in
1271 896 1396 954 aula
1434 896 1651 953 Henrici
1688 896 1981 966 educatam,
2025 910 2169 953 nunc
2195 896 2409 952 demum
2434 900 2503 952 in
2528 902 2717 968 sponsi

478 987 688 1046 thorum
713 988 950 1044 venisse.
999 985 1129 1042 Nam
1158 984 1293 1042 obiit
1318 984 1513 1040 Editha
1540 1000 1587 1042 a.
1614 984 1677 1040 D.
1705 984 1828 1040 947.
1852 984 2104 1041 Januario
2130 997 2352 1054 mense;
2386 987 2447 1041 in
2477 985 2717 1043 Saxonis

480 1091 598 1132 cum
625 1077 813 1132 marito
841 1079 1056 1131 versata
1082 1079 1168 1131 est
1195 1076 1347 1132 annis
1376 1074 1566 1129 decem
1595 1077 1649 1129 et
1675 1087 1885 1144 novem,
1922 1073 2150 1129 testibus
2179 1072 2476 1132 Witikindo
2507 1080 2568 1130 et
2595 1075 2716 1131 Dil-

479 1178 644 1221 maro.
681 1163 821 1234 Ergo
840 1164 989 1222 venit
1015 1176 1084 1219 ex
1100 1163 1286 1231 Anglia
1303 1177 1423 1218 cum
1452 1176 1638 1218 sorore
1667 1175 1714 1217 a.
1729 1160 1791 1217 D.
1808 1161 1928 1217 928.
1972 1162 2041 1216 Et
2060 1161 2317 1218 credibile
2336 1168 2440 1233 est,
2465 1177 2715 1220 sororem

478 1251 751 1309 Ludovico
780 1251 925 1308 Orbo
965 1267 1090 1309 mox
1127 1254 1509 1322 transmissam,
1551 1251 1648 1306 sed
1677 1252 1919 1306 vixante
1945 1250 2086 1307 bunc
2108 1265 2303 1307 anuum
2331 1253 2389 1306 in
2416 1249 2715 1308 tbdamum

480 1343 604 1398 duci
630 1344 817 1413 potuit,
858 1357 979 1397 cum
1005 1339 1209 1410 Edgida
1251 1341 1426 1395 minor
1450 1339 1604 1394 annis
1632 1341 1690 1393 ut
1716 1340 1919 1396 meritis
1948 1354 1981 1396 a
2008 1339 2244 1396 Roswita
2272 1339 2503 1411 dicatur,
2532 1344 2717 1412 itaque

480 1429 617 1487 baud
647 1433 770 1486 ante
798 1443 916 1485 eam
942 1428 1140 1486 nubilis
1171 1427 1348 1484 fuerit.

623 1518 707 1573 16.
778 1517 965 1587 ltaque
995 1520 1158 1574 etiam
1184 1516 1549 1574 emendandus
1577 1521 1661 1573 est
1700 1515 1985 1589 Coriarius,
2015 1533 2135 1576 cum
2161 1531 2209 1574 a.
2231 1516 2292 1571 D.
2317 1516 2438 1574 933.
2471 1518 2563 1574 vel
2590 1519 2717 1590 934,

482 1620 587 1677 quo
627 1604 953 1661 Ludovicum
993 1604 1192 1664 orbum
1232 1605 1440 1662 obiisse
1475 1606 1694 1677 judicat,
1740 1603 1904 1660 filium
1950 1609 2070 1675 ejus
2112 1620 2183 1661 ex
2221 1605 2323 1661 boc
2368 1605 2714 1663 matrimonio

482 1694 728 1751 Carolum
771 1693 1196 1768 Constantinum,
1225 1699 1293 1752 ut
1331 1696 1452 1765 ipse
1494 1699 1660 1766 putat,
1696 1694 1995 1751 decennem
2022 1694 2111 1750 vel
2147 1693 2529 1750 undecennem
2568 1695 2719 1766 facit,

484 1798 604 1840 cum
641 1787 796 1854 pater
835 1787 1157 1841 moreretur:
1198 1799 1322 1841 nam
1361 1798 1430 1840 ex
1466 1786 1939 1854 nostro-computo
1968 1784 2058 1836 vix
2087 1781 2325 1838 trimulus
2353 1781 2539 1839 fuerit.
2606 1785 2718 1840 Sed

483 1871 759 1944 sciendum
777 1876 877 1943 est,
896 1871 1144 1928 Carolum
1164 1871 1573 1929 Constantinum
1590 1886 1655 1928 ex
1673 1871 1777 1927 boc
1794 1872 2127 1928 matrimonio
2144 1873 2297 1928 nasci
2314 1886 2427 1928 nou
2444 1874 2719 1942 potuisse,

484 1960 726 2030 quamvis
754 1959 808 2014 id
833 1960 1118 2016 crediderit
1137 1963 1302 2016 etiam
1325 1961 1725 2030 Quercetauus3
1753 1965 1808 2015 et
1834 1959 1922 2015 vel
1952 1958 2245 2029 legitimum
2266 1973 2381 2015 non
2407 1958 2604 2030 ruisse,
2630 1961 2717 2017 vel

483 2048 643 2104 aliam
668 2049 902 2118 priorem
929 2050 1209 2116 conjugem
1219 2049 1480 2117 „quamvis
1506 2051 1755 2118 ignotam,
1784 2046 2053 2102 Ludovico
2077 2046 2221 2103 Otho
2251 2060 2377 2102 esse
2400 2049 2720 2106 conceden-

485 2137 621 2206 dam,
650 2149 900 2204 quorsum
919 2149 1022 2203 ego
1041 2134 1272 2204 inclino;
1292 2136 1739 2205 namprincipem
1761 2139 1875 2203 jam
1906 2140 2032 2191 ante
2065 2137 2277 2204 triginta
2308 2150 2480 2191 annos
2504 2139 2719 2207 imperii

485 2237 680 2279 corona
707 2222 905 2277 Rornae
931 2221 1230 2276 redimitum
1269 2225 1347 2275 tot
1374 2223 1529 2276 annis
1558 2223 1857 2289 conjugium
1889 2229 2224 2294 expectasse,
2248 2223 2389 2280 baud
2417 2227 2721 2281 verisimile

485 2315 617 2378 est„
646 2309 807 2364 Porro
849 2311 896 2363 si
929 2307 1231 2363 Frodoardo
1262 2307 1421 2363 fidem
1449 2305 1778 2380 adhibemus,
1813 2311 1890 2364 uti
1919 2316 2069 2367 certe
2095 2315 2321 2383 oportet,
2347 2326 2399 2368 a.
2417 2310 2485 2367 D.
2508 2313 2636 2384 931,
2666 2317 2719 2370 id

487 2402 572 2453 est
597 2397 864 2466 sequenti,
900 2393 1124 2451 Carolus
1154 2396 1534 2454 Constantinus
1564 2411 1693 2453 sese
1717 2398 2183 2457 liudolfo-Galliae
2210 2403 2323 2470 regi
2348 2405 2505 2471 (suo,
2550 2409 2611 2458 ut
2636 2407 2721 2458 sic

486 2487 674 2558 dicem,
701 2484 1007 2556 subpatruo‚
1047 2485 1101 2539 id
1130 2490 1215 2541 est
1241 2488 1408 2556 patris
1437 2486 1790 2555 consobrino)
1828 2486 2093 2560 submisit,
2133 2490 2273 2559 quod
2301 2489 2529 2546 infantis
2558 2495 2721 2547 anni-

488 2574 596 2630 culi
633 2587 742 2631 non
782 2577 883 2629 est.
954 2573 1120 2646 Adde,
1163 2574 1306 2646 quod
1345 2574 1681 2631 Frodoardus
1723 2574 2007 2632 audolfum
2048 2577 2147 2632 sub
2188 2579 2316 2634 anai
2352 2578 2476 2634 931.
2500 2581 2720 2636 initium

487 2663 747 2720 Viennam
804 2660 1103 2733 prefectum
1156 2663 1474 2733 obsequium
1521 2667 1770 2734 exegisse
1813 2665 2025 2737 indicat,
2070 2681 2176 2737 quo
2218 2670 2460 2739 tempore
2505 2682 2581 2725 ex
2616 2668 2721 2726 hoc

490 2753 822 2812 matrimonio
850 2766 953 2808 nec
978 2756 1134 2808 natus
1163 2766 1290 2809 esse
1317 2753 1581 2824 potuisset
1610 2752 1832 2810 Carolus
1863 2753 2259 2811 Constantinus.

632 2841 716 2895 17.
790 2839 888 2894 His
916 2843 1129 2911 scriptis
1171 2845 1403 2896 occurrit
1431 2841 1665 2912 diploma
1691 2856 1723 2898 a
1749 2841 2034 2898 Mabilione
2076 2845 2131 2897 in
2173 2842 2457 2900 annalibus
2484 2845 2559 2900 ud
2585 2860 2635 2901 a.
2658 2846 2720 2901 D.

491 2928 610 2986 930.
642 2933 970 2998 excerptum.
1040 2929 1156 2992 Quo
1182 2928 1497 2985 Adelbeidis
1525 2932 1803 2986 comitissa
1841 2930 2228 2986 soror-Rodum
2256 2931 2298 2986 1.
2325 2934 2486 3002 -regis
2516 2935 2721 2992 Tuus-

484 3018 664 3086 jurani
683 3030 751 3072 ex
770 3014 988 3087 Gueliis,
1017 3030 1146 3070 uxor
1159 3016 1409 3073 Richardi
1430 3017 1579 3075 ducis
1600 3019 1933 3088 Burgundiae
1952 3019 2282 3091 Cisjuranae,
2310 3025 2484 3077 mater
2509 3022 2723 3079 audulfi

490 3105 635 3174 regis
662 3102 1001 3174 Francorum,
1013 3107 1406 3161 *monasterium
1424 3106 1762 3163 Romanense
1780 3111 1833 3163 in
1853 3122 1990 3178 pago
2009 3107 2340 3164 Lausanensi
2359 3108 2723 3181 Transjurano

493 3193 777 3248 committit
804 3189 978 3245 Odoni
1016 3189 1197 3245 abbati
1242 3191 1601 3267 Cluniaceusi,
1642 3210 1738 3265 pro
1778 3197 1952 3252 anima
1993 3195 2168 3252 fratris
2203 3199 2288 3252 sui
2315 3197 2529 3254 Rudolii
2560 3203 2721 3270 regis,

493 3295 526 3337 a
552 3292 657 3349 quo
686 3281 1065 3335 monasterium
1105 3278 1376 3352 babuerat,
1419 3297 1516 3354 pro
1557 3286 1743 3354 requie
1771 3281 2016 3339 Richardi
2046 3287 2289 3354 conjugis
2319 3286 2448 3341 olim
2478 3291 2585 3358 sui,
2626 3303 2720 3358 pro

493 3367 655 3428 willa
682 3369 883 3438 regina,
925 3367 1054 3423 dicti
1078 3367 1285 3423 Rudolfi
1313 3384 1510 3436 uxore;
1554 3375 1661 3426 tum
1689 3387 1785 3442 pro
1816 3387 1879 3427 se
1907 3375 2027 3442 ipsa
2053 3377 2109 3428 et
2135 3371 2363 3429 Rodult'o
2390 3389 2524 3445 rege
2551 3376 2722 3434 Fran-

497 3472 693 3530 corum,
734 3455 846 3512 filio
887 3471 1005 3528 suo,
1040 3457 1167 3513 item
1198 3472 1293 3529 pro
1323 3457 1550 3513 Rodulfo
1579 3457 1640 3512 11.
1685 3473 1817 3529 rege
1857 3461 2189 3530 Burgundiae
2221 3460 2485 3535 Jurensis,
2518 3471 2725 3537 nepotc

493 3560 594 3601 suo
625 3551 680 3601 et
707 3560 803 3616 pro
833 3544 957 3600 tiliis
1001 3547 1113 3602 suis
1155 3546 1378 3615 Hugone
1418 3529 1589 3616 (A'lbo
1632 3548 1822 3617 vulgo]
1865 3554 1921 3606 et
1963 3550 2191 3621 Bosone,
2234 3556 2289 3606 et
2318 3567 2415 3623 pro
2448 3552 2717 3608 Ludorico

494 3636 696 3705 nepote
723 3636 875 3705 (quis
903 3633 1038 3689 ille?
1069 3648 1136 3689 an
1166 3632 1306 3688 filius
1333 3633 1542 3688 liudolfi
1568 3636 1729 3706 regis,
1760 3636 1828 3691 de
1852 3652 1956 3706 quo
1981 3638 2046 3693 ad
2069 3636 2196 3693 a.D.
2216 3638 2338 3694 936.
2369 3644 2423 3706 s.
2436 3642 2593 3707 390.
2615 3643 2716 3696 sed

498 3726 555 3778 et
581 3736 677 3792 pro
706 3722 1014 3795 parentibus
1044 3726 1101 3778 et
1142 3723 1553 3791 consanguineis
1583 3725 1695 3778 suis
1725 3729 1780 3780 et
1808 3726 2000 3781 domno
2031 3725 2254 3797 Rugone
2280 3729 2482 3798 insigni
2506 3727 2719 3785 abbate.

497 3809 733 3866 Tandem
772 3818 1106 3884 apponuntur
1146 3812 1299 3880 signa
1324 3810 1635 3867 Adelbeidis
1664 3815 1989 3885 comitissae,
2029 3817 2212 3884 regiae
2253 3820 2440 3874 matris
2472 3825 2525 3874 et
2552 3817 2724 3874 abba-

498 3899 685 3971 tissae,
738 3897 988 3956 Judithae
1033 3900 1176 3955 tiliae
1230 3898 1436 3954 Rudolfi
1484 3902 1627 3968 regis
1671 3900 2059 3973 (Transjurani,
2118 3909 2177 3959 ut
2221 3908 2462 3976 opinor),
2524 3907 2725 3977 Ugonis

497 3988 685 4058 inclyti
725 3991 937 4044 comitis
979 3990 1193 4060 (nempe
1219 3988 1375 4056 Albi)
1416 3994 1578 4060 atque
1617 3987 1794 4045 fratris
1836 3994 2045 4059 augusti
2072 3991 2277 4048 Rodulfi
2308 3995 2483 4064 regis,
2516 3995 2723 4050 nodum

497 4074 596 4130 filii
623 4073 880 4132 Ludovici
905 4079 1259 4148 imperatoris.
1294 4078 1423 4134 Dat.
1441 4079 1527 4133 18.
1547 4077 1663 4133 Kal.
1681 4077 1787 4133 Jul.
1809 4095 1954 4134 anno
1982 4083 2166 4151 quinto
2195 4086 2460 4151 requam
2490 4083 2723 4152 nodulfo

493 4165 885 4234 gloriosissimo
925 4178 1053 4235 τερα
1090 4169 1275 4223 indict.
1302 4168 1353 4221 2.
1405 4166 1595 4222 Actum
1629 4167 1839 4235 publice
1878 4172 1937 4223 iu
1973 4170 2100 4225 villa
2138 4169 2361 4236 Bojaco.
2419 4170 2720 4226 Ludovicus

499 4255 786 4323 imperator
809 4265 919 4307 non
945 4252 1084 4309 alius
1111 4270 1268 4326 quam
1298 4253 1474 4311 Orbus
1503 4268 1626 4312 esse
1654 4261 1849 4330 potest,
1887 4260 2068 4327 itaque
2095 4255 2258 4313 fllium
2286 4258 2477 4313 habuit
2503 4259 2671 4316 aliu-
2690 4273 2724 4312 a

503 4338 695 4398 Carolo
723 4337 1090 4412 Constantino,
1116 4342 1418 4414 Rodulsum,
1446 4343 1806 4400 verisimiliter
1832 4351 1957 4402 ante
1982 4347 2373 4403 matrimonium
2392 4361 2521 4404 cu-
2538 4348 2721 4418 Angla.
