2817 4959
591 292 723 361 588
1170 288 1707 359 ANNALES
1771 288 2232 356 IMPERII

344 469 565 540 ΛΑΜ.
593 482 663 527 ex
688 467 961 526 sterilibus
986 465 1258 523 montibus
1296 467 1354 522 in
1392 465 1600 521 Italiam
1637 478 1874 537 venisse,
1915 464 2199 534 Rogerium
2235 466 2416 535 nescio
2441 467 2672 534 mem·-

590 563 754 616 tatum
796 559 1093 613 Auretitem
1135 554 1435 610 obtinuisse
1475 553 1684 623 (locum
1714 557 2016 624 corruptum
2047 554 2226 624 puto),
2265 553 2530 608 Arduinum
2554 551 2674 606 w

594 648 803 703 cuidam
816 649 996 702 comiti
1023 656 1210 699 manus
1238 641 1557 713 praebuisse
1575 644 1630 697 in
1645 642 2008 711 vasalisgium,
2027 641 2280 711 fidelique
2296 644 2679 704 servitiorum

591 741 652 792 ut
678 734 811 791 orbo
850 734 1198 789 succederet:
1236 732 1450 787 viduam
1481 735 1642 786 etiam
1673 731 1911 801 duxisse,
1950 735 2009 786 et
2033 743 2104 786 ex
2133 743 2200 784 ea
2237 733 2477 799 genuisse
2510 728 2686 797 Roget·-

590 837 776 880 rursus
820 827 880 878 et
923 821 1241 887 Ardninum3
1294 833 1362 877 ex
1404 818 1644 875 Aeduino
1688 825 1870 876 natum
1904 817 2302 891 maireium,
2336 824 2538 891 panem,
2572 820 2690 885 otim.

588 912 813 970 Arduini
842 908 1164 981 Glabrionis,
1191 923 1346 965 avum
1374 907 1708 978 Megint'redi,
1738 907 1805 962 de
1831 923 1940 979 qne
1968 908 2121 979 plin-a
2146 922 2286 964 anno
2309 909 2560 978 sequente
2613 903 2694 959 Um

590 1014 751 1073 porro
792 998 1154 1055 marchionum
1194 997 1597 1066 segusiensium
1636 1000 1882 1068 stemma,
1922 999 2088 1067 cujus
2102 996 2330 1053 ditiones
2365 994 2560 1052 tandem
2587 993 2693 1047 nstri-

591 1089 773 1145 monio
800 1089 857 1144 in
876 1086 1154 1143 Sabaudos
1180 1084 1488 1142 transfusae
1513 1089 1655 1141 sunt.
1855 1099 1868 1116 ¹

734 1176 821 1232 28.
891 1175 1242 1245 Berengarius
1280 1188 1377 1230 rex
1419 1188 1537 1230 cnm
1580 1172 1693 1229 filie
1719 1173 2006 1231 Adalberto
2039 1177 2231 1245 rogatu
2257 1172 2565 1231 sudumst
2584 1169 2697 1224 Dei·-

592 1265 780 1320 nensis
807 1267 865 1320 et
882 1263 1124 1319 widonis
1152 1262 1469 1318 Mutinensis
1492 1263 1735 1333 episcopi
1756 1265 1876 1332 jera
1902 1266 2220 1321 monasterii
2241 1264 2293 1320 S.
2311 1264 2454 1334 sixti,
2479 1259 2600 1333 quod
2618 1265 2699 1315 exin

594 1352 917 1409 Placentiam
944 1351 1012 1408 ab
1040 1352 1379 1423 imperatrice
1404 1350 1745 1421 Angelberga
1773 1357 2129 1410 constructum
2150 1353 2265 1424 fuit,
2293 1353 2470 1409 Bertae
2489 1348 2700 1405 abbatum

594 1443 790 1498 amitae
808 1455 940 1497 suae
959 1437 1250 1509 confirmat,
1277 1453 1396 1495 cum
1420 1439 1823 1497 Guardastallae
1849 1444 2203 1513 possessione
2223 1440 2290 1497 ab
2311 1439 2612 1510 inperatrice
2626 1434 2702 1502 <Ui

594 1536 654 1587 et
679 1530 817 1587 aede
842 1528 898 1584 S.
926 1527 1067 1585 Petri
1107 1527 1175 1584 ad
1216 1532 1377 1598 caput
1410 1527 1639 1586 Trebiae
1679 1530 1799 1600 sita,
1838 1544 1996 1599 quam
2035 1530 2260 1601 largitus
2289 1533 2399 1586 erat
2421 1526 2702 1583 carle-me

593 1632 708 1674 rex.
762 1616 999 1674 'rabulae
1026 1618 1185 1673 datae
1213 1620 1340 1672 sunt
1364 1616 1637 1689 masso,
1661 1620 1818 1689 requi
1838 1631 1970 1675 vero
1998 1618 2184 1674 dom
2208 1617 2512 1688 Ber-ewam·
2532 1617 2576 1668 d
2593 1612 2702 1665 don

593 1705 1233 1777 Aaetbereipiioeinmm
1249 1708 1644 1777 requam-imo,
1661 1708 2004 1762 indictam
2021 1705 2334 1778 (legendum
2347 1702 2702 1772 odavass'm‘oe

595 1792 979 1850 Giselbrandus
1008 1796 1298 1867 episcopus
1326 1799 1444 1851 erat
1476 1795 1635 1850 simul
1663 1794 1946 1850 Bobiensis
1973 1793 2159 1851 abbas.
2233 1794 2286 1852 ls
2311 1795 2557 1851 Dertonae
2579 1801 2702 1845 ωοο-

597 1883 743 1939 bium
772 1883 828 1939 S.
856 1882 1102 1940 Martiani
1139 1886 1348 1955 struxit,
1379 1885 1541 1954 eique
1569 1882 1839 1940 Gezonem
1866 1882 2254 1940 Dertonensem
2293 1883 2590 1939 sacerdoten
2608 1887 2700 1948 pm·

596 1971 745 2044 fecit,
790 1974 881 2043 qui
908 1972 1100 2030 librum
1126 1973 1197 2029 de
1223 1987 1449 2044 corpore
1475 1976 1533 2029 et
1556 1974 1817 2042 sanguine
1841 1970 2054 2028 Domini
2094 1986 2161 2029 ex
2201 1977 2402 2043 patrum
2435 1969 2625 2040 scriptis,
2650 1961 2722 2016 σὼ

598 2064 828 2119 maxime
846 2061 1084 2118 Pascasii
1100 2060 1353 2118 Radberti
1369 2061 1508 2118 libro
1528 2063 1842 2134 composuit,
1870 2061 1940 2117 de
1958 2075 2064 2131 quo
2083 2060 2303 2117 flabilis
2327 2063 2378 2116 in
2397 2061 2564 2116 lusco
2577 2053 2697 2109 luliu-

738 2150 825 2206 29.
895 2150 957 2207 In
995 2151 1248 2222 Hispania
1277 2150 1544 2208 ordonius
1570 2149 1656 2208 ΠΙ.
1697 2150 1964 2207 Rani-iro
2003 2152 2143 2220 patri
2184 2152 2416 2206 victoriis
2445 2148 2698 2216 inclytum·

597 2240 781 2309 cessit,
820 2239 920 2295 sed
948 2254 1067 2295 cum
1094 2238 1259 2295 i’ratre
1284 2239 1504 2296 Sanctio
1531 2239 1863 2296 conflictatus
1892 2244 1992 2310 est,
2033 2239 2124 2309 qui
2165 2241 2325 2295 etiam
2361 2243 2471 2309 post
2495 2237 2696 2307 quinqu-

595 2328 742 2381 nium
768 2325 837 2381 ad
862 2339 1082 2394 regnum
1110 2330 1371 2396 pervenit.
1431 2327 1791 2383 Ferdiuandus
1820 2341 2034 2398 quoque
2063 2342 2261 2400 comes,
2289 2327 2552 2384 Castaliam
2573 2327 2696 2387 ΝΜ

597 2413 912 2485 obsequium
951 2413 1299 2470 detractabat.
1386 2416 1451 2471 ln
1490 2414 1681 2483 Anglia
1719 2415 2191 2473 Nerthumbrorum
2227 2430 2450 2486 regnum,
2487 2414 2695 2469 iinme-

596 2501 760 2558 iratre
786 2506 846 2557 et
871 2500 996 2556 filiis
1026 2500 1197 2557 Osulii
1225 2500 1411 2559 fraude
1439 2516 1620 2575 caeso,
1650 2504 1717 2560 ad
1736 2504 1961 2573 Angliae
1991 2504 2346 2562 monarchiam
2362 2505 2517 2561 rediit.
2565 2492 2696 2555 05⁸³!

595 2592 796 2661 primus
834 2588 1303 2646 Nerthumbrornm
1344 2604 1530 2647 comes
1570 2591 1671 2648 sub
1699 2591 1943 2649 Eadredo
1979 2606 2105 2663 rege
2132 2593 2370 2650 babetur.
2434 2593 2486 2647 ln
2511 2595 2697 2645 conseo·

597 2678 832 2736 tionibus
872 2681 1106 2749 antiquis
1143 2693 1325 2748 regum
1355 2681 1584 2750 Angliae
1617 2682 1904 2752 peculiaris
1931 2684 2364 2738 commemoratio
2389 2681 2533 2738 fiebat
2553 2673 2697 2732 m

595 2781 712 2825 rum
740 2773 797 2826 et
820 2766 1337 2839 Nordanymbrorum
1370 2771 1427 2824 in
1455 2773 1761 2826 memoriam
1790 2771 1988 2842 proprii
2013 2773 2185 2839 regni.

740 2857 826 2914 30.
918 2856 1058 2914 Gero
1105 2862 1289 2913 contra
1332 2856 1528 2913 Slavos
1571 2859 1806 2915 marollio
1849 2874 1968 2915 cum
2015 2858 2158 2915 bona
2201 2862 2344 2930 regis
2386 2859 2535 2930 gratia
2566 2799 2726 2909 Bw*

600 2946 805 3004 adierat
830 2946 1109 3016 religionis
1131 2960 1309 3018 causa,
1334 2961 1479 3003 nunc
1494 2961 1526 3002 a
1545 2946 1815 3003 liminibus
1834 2947 2201 3017 apostolorum
2225 2953 2500 3014 revertens,
2522 2948 2567 3000 in
2585 2943 2702 2996 iiim

598 3034 953 3105 Sangallense
980 3038 1357 3092 monasterium
1397 3036 1595 3106 invisit,
1636 3037 1966 3108 probataque
1993 3036 2365 3093 monachorum
2393 3030 2699 3092 conversati-n

600 3125 737 3180 iuter
780 3122 973 3178 iratres
1018 3126 1355 3194 conscriptos
1414 3126 1580 3195 recipi
1629 3127 1800 3197 petiit,
1857 3129 1916 3180 ut
1959 3126 2213 3197 precibus
2275 3127 2476 3183 fratrum
2507 3117 2700 3193 juvarem,

598 3210 871 3279 libraeque
900 3216 1023 3266 octo
1050 3214 1255 3280 argenti
1283 3212 1504 3278 obtulit;
1532 3213 1587 3267 id
1615 3219 1788 3270 actum
1818 3216 1903 3272 io.
1932 3214 2046 3270 Kal.
2076 3215 2244 3285 April.
2285 3217 2574 3271 memorante
2593 3202 2698 3260 11⁸⁰·

599 3297 764 3353 bardo
792 3297 1147 3367 Sangallensi.
1217 3301 1465 3358 Secunda
1504 3304 1628 3357 vice
1667 3301 1884 3358 Romam
1920 3304 2122 3360 adiisse
2150 3309 2276 3374 post
2305 3304 2395 3358 tilii
2421 3294 2700 3357 morienti&¹

599 3401 648 3442 a.
678 3384 798 3456 961,
828 3398 896 3441 ex
937 3385 1171 3444 Ditmaro
1210 3389 1452 3446 dicemus
1493 3404 1592 3446 suo
1627 3390 1764 3447 loco.
1836 3390 2106 3447 Reversus
2147 3394 2204 3447 in
2231 3393 2500 3448 saxoniam
2521 3386 2573 3441 ad
2593 3387 2696 3447 Μ’

601 3481 729 3531 ante
767 3474 1162 3546 expeditionem
1202 3481 1451 3550 accessit,
1495 3485 1548 3535 et
1589 3480 1843 3550 quasdam
1883 3481 2041 3536 villas
2082 3482 2139 3537 in
2177 3480 2536 3537 Serimuudaaa
2565 3471 2697 3540 ΜΝ

599 3566 741 3622 'mter
782 3563 958 3620 Albim
1002 3568 1060 3620 et
1102 3564 1297 3636 Salam,
1349 3581 1490 3637 quae
1533 3582 1676 3624 nunc
1717 3567 1836 3623 iere
1879 3568 2147 3625 Anhaltini
2193 3575 2279 3625 est
2316 3571 2459 3638 juris,
2497 3564 2553 3620 ab
2583 3560 2697 3616 oiim

601 3654 931 3724 impetravit:
974 3666 1074 3708 eae
1116 3653 1312 3710 deinde
1354 3653 1751 3712 Gerenrodensi
1803 3659 2129 3715 monasterio
2171 3671 2401 3713 cessere.
2466 3651 2694 3719 in

601 3742 822 3798 edidere
848 3741 1116 3814 Encelius,
1155 3742 1490 3815 meibomius,
1519 3751 1576 3801 et
1601 3747 1903 3816 nuperrime
1928 3748 2028 3801 viri
2056 3746 2341 3802 clarissimi
2375 3748 2506 3817 prior
2526 3735 2695 3796 Rusti*

601 3829 797 3886 deinde
838 3831 1187 3888 Becmaunus.
1256 3832 1358 3887 Hic
1397 3848 1516 3888 cum
1557 3834 1863 3891 authentico
1904 3834 2158 3891 collatum
2187 3836 2333 3892 dedit
2369 3838 2422 3890 in
2446 3831 2694 3904 opererffl’

599 3916 1016 3978 Anbaltinarum.
1084 3920 1195 3978 Sed
1222 3923 1394 3993 miror,
1431 3924 1570 3992 apud
1597 3925 1774 3994 ipsum
1801 3937 2015 3993 quoque
2041 3938 2237 3980 annum
2263 3925 2388 3995 poni
2412 3921 2514 3992 952,
2535 3918 2601 3988 qai
2617 3917 2696 3965 Μ

601 4006 753 4074 regni
778 4011 833 4062 et
861 4007 1135 4064 indictioni
1161 4012 1535 4080 (praesentem
1561 4014 1741 4083 potius
1768 4027 1963 4069 annum
1989 4013 2279 4083 indicanti)
2306 3995 2696 4069 minimos-5⁶¹²

601 4092 952 4152 Praeferimus
980 4104 1335 4173 praesentem,
1362 4102 1420 4157 in
1446 4113 1553 4169 quo
1578 4105 1740 4158 uotae
1766 4115 1837 4158 ex
1861 4100 2032 4158 tribus
2062 4101 2224 4159 binae
2252 4100 2543 4172 conspirant.

813 4185 863 4240 5.
890 4182 1006 4241 Kal.
1034 4185 1161 4254 Aug.
1376 4190 1440 4246 Α.
1468 4187 1589 4245 Chr.
1851 4189 1965 4247 Ind.
2104 4191 2263 4249 Anno
2288 4191 2449 4261 regni.

1443 4279 1553 4334 952
1741 4331 1750 4342 ,
1871 4279 1941 4334 io
2259 4280 2326 4336 ¹7

1447 4365 1553 4423 950
1903 4369 1940 4422 s
2263 4370 2328 4424 15
