2817 4959
767 255 1299 324 ANNALES
1367 259 1829 326 IMPERII
2279 262 2399 327 341

101 433 411 501 disjecti,
455 431 731 487 victoriam
772 445 805 487 e
843 431 1090 488 manibus
1130 434 1378 489 amisere.
1450 431 1641 503 Magna
1683 447 1864 490 eorum
1893 437 2099 504 strages
2127 424 2271 491 facta
2298 440 2399 507 est,
2427 437 2495 505 Α,
2514 435 2653 503 923,

103 520 459 575 Boniracio
501 519 633 574 nulli
674 526 960 590 parcente;
1012 535 1133 576 cum
1179 519 1463 577 Gariardus
1501 522 1694 592 mitior,
1737 520 2004 591 fugientes
2045 521 2200 578 basta
2245 537 2404 579 versa

107 623 323 679 quam
366 606 512 666 ferro
541 612 820 679 percutere
857 609 1054 665 mallet.
1142 610 1495 679 Berengarius
1522 615 1704 664 notum
1734 611 1978 666 Veronae
2007 610 2281 666 latibulum
2309 605 2407 667 re-

106 698 336 768 petiit.
423 696 645 753 Tantam
688 702 816 753 tunc
856 697 1076 753 caedem
1119 698 1314 753 editam
1355 697 1706 769 Luitprandns
1737 698 1939 769 scribit,
1978 704 2035 754 ut
2062 713 2160 755 suo
2190 715 2403 770 quoque

117 793 423 855 tempore
451 800 641 855 magna
667 786 794 840 inde
821 786 1044 841 militum
1072 788 1262 842 raritas
1292 785 1591 842 baberetur.
1657 786 1854 842 Milites
1883 790 2202 860 interpretor
2232 803 2407 859 eque-

114 877 280 929 stris
339 872 553 929 ordinis
597 876 756 945 viros,
796 889 903 929 non
933 877 1106 930 minus
1134 873 1309 930 factos
1337 875 1405 930 ad
1434 889 1594 946 arma,
1636 890 1793 944 quam
1821 880 1993 932 natos.
2066 875 2403 934 Frodoardus

117 967 369 1032 umen,
423 964 642 1017 nonnisi
683 963 833 1019 mille
875 966 931 1021 et
971 968 1291 1033 quingentos
1327 966 1474 1020 viros
1518 964 1785 1019 cecidisse
1826 965 2115 1020 memoriae
2157 966 2417 1036 prodidit,-

121 1053 229 1106 (τιή
264 1051 475 1106 libens
506 1050 685 1106 credo.

296 1138 401 1195 19.
469 1139 852 1197 Constantinus
869 1141 1383 1216 Porphyrogenneta,
1401 1145 1507 1199 etsi
1527 1145 1816 1215 imperator
1834 1148 1889 1200 et
1906 1147 2413 1216 contemporaneus,

126 1235 344 1284 tamen
378 1227 642 1284 derebus
670 1230 871 1286 Italicis
900 1245 1082 1302 parum
1111 1234 1459 1302 congruentia
1484 1233 1713 1304 prodere
1742 1233 1900 1288 solet
1955 1233 2010 1288 Is
2039 1247 2154 1303 cap.
2175 1234 2260 1289 24.
2279 1231 2403 1288 libri

127 1317 207 1374 de
258 1317 704 1373 administrando
745 1320 987 1391 imperio,
1031 1325 1253 1376 notante
1293 1321 1562 1377 Hadriano
1600 1319 1838 1392 valesio,
1885 1315 2173 1391 pugnatum
2229 1321 2399 1377 semel

136 1409 325 1476 atque
357 1408 557 1461 iterum
587 1405 801 1477 scribit3
839 1411 1018 1478 priore
1045 1410 1475 1480 praeliovictum
1501 1407 1801 1481 liudolfum,
1843 1411 2143 1480 posteriore
2169 1410 2399 1465 vicisse:

136 1494 450 1550 desertum
477 1509 510 1549 a
537 1497 651 1550 suis
677 1495 1071 1566 Berengarinm,
1113 1513 1231 1553 cnm
1258 1511 1364 1553 nec
1392 1497 1552 1567 fugae
1582 1500 1737 1569 copia
1765 1502 1931 1568 esset,
1973 1497 2201 1566 abjectis
2230 1497 2413 1566 insig-⁴

140 1585 277 1654 niis,
305 1584 502 1640 media
519 1585 656 1640 inter
674 1599 929 1656 equorum
949 1586 1210 1642 cadavera
1228 1585 1601 1659 procubuisse,
1620 1591 1676 1642 et
1690 1602 1762 1644 ne
1772 1590 2175 1658 agnosceretur,
2204 1599 2401 1655 corpus

145 1679 316 1729 scuto
367 1674 598 1729 texisse.
670 1673 894 1738 Quidam
934 1688 1004 1746 ex
1036 1672 1245 1730 Rudoifi
1271 1674 1531 1732 militibus
1550 1679 1786 1744 jacentis
1815 1676 2024 1746 pedem,
2052 1677 2143 1746 qni
2168 1675 2405 1730 intectus

156 1760 488 1833 apparebat,
514 1760 669 1817 basta
693 1764 942 1834 pupugit3
986 1774 1214 1832 cunque
1247 1762 1379 1817 nibil
1407 1766 1612 1819 moveri
1642 1776 1837 1834 corpus
1865 1764 2110 1834 vidisset,
2139 1765 2403 1818 mortuum

152 1854 306 1906 ratus
353 1850 635 1907 discessit.
705 1848 877 1906 Nocte
904 1849 1254 1920 berengarins
1283 1863 1352 1907 ex
1378 1851 1555 1907 media
1583 1857 1763 1921 strage
1790 1864 1854 1907 se
1879 1851 2143 1922 subducit,
2176 1864 2405 1920 repara·-

153 1940 341 2009 iisque
373 1938 592 2010 viribus¹
612 1937 895 1995 liudolfum
925 1941 1042 1996 acie
1069 1941 1252 1995 vincit.
1324 1939 1403 1995 ita
1430 1939 1664 2011 deniqne
1690 1954 1882 2012 pacem
1910 1954 2028 1996 cum
2058 1950 2125 1994 eo
2152 1937 2299 2011 facit,
2325 1941 2402 2010 nt,

153 2026 337 2083 divisa
357 2027 608 2097 regione,
627 2030 1065 2106 superior-tamen
1081 2027 1433 2098 Berengarius
1452 2026 1753 2085 baberetur.
1808 2028 1956 2093 Quae
1977 2028 2156 2084 omnia
2175 2040 2402 2084 erronea

156 2122 315 2183 sunt3
346 2116 711 2187 videnturque
739 2115 981 2172 widonis
1011 2120 1066 2172 et
1094 2116 1300 2172 Rudoiii
1329 2120 1488 2186 gesta
1511 2115 1751 2173 confusa.

301 2205 402 2261 20.
478 2202 757 2260 Bouiiacio
779 2203 1040 2261 liudolfus
1063 2217 1305 2261 sororem
1326 2204 1659 2262 waldradam
1678 2209 1734 2262 in
1752 2206 2141 2262 matrimonium
2161 2203 2399 2277 dederat,

158 2296 350 2351 senili
368 2295 779 2364 potentissimo,
806 2306 963 2363 quem
983 2292 1337 2367 Luitprandus
1365 2308 1466 2350 suo
1495 2297 1736 2365 tempore
1753 2294 2152 2351 Camerinorum
2184 2301 2238 2350 et
2256 2293 2403 2367 spo-

158 2381 463 2439 letinorum
511 2381 871 2439 marchionem
926 2386 1187 2456 extitisse,
1247 2381 1589 2441 waldradam
1630 2389 1817 2440 autem¹
1854 2383 2023 2440 torma
2068 2388 2123 2439 et
2162 2381 2403 2439 moribus

158 2468 596 2528 laudatissimam
625 2473 786 2528 etiam
813 2470 1149 2544 superfuisse
1178 2471 1381 2527 scribit.
1428 2470 2257 2543 Regem-Hugonem-Spoletinos
2286 2470 2399 2527 fillo

160 2557 415 2617 lieberto
427 2561 689 2629 regendos
707 2562 1072 2631 [commisisse
1085 2561 1165 2632 *],
1182 2560 1321 2616 infra
1339 2561 1715 2635 intelligemus,
1730 2563 1827 2619 sed
1838 2560 2115 2619 Bonifacio
2132 2562 2402 2630 defuneto,

165 2651 321 2719 cujus
352 2648 521 2705 filiam
553 2650 788 2706 duxerat.
859 2648 1136 2705 Bonifaclo
1163 2651 1368 2720 patrem
1395 2649 1715 2722 Bubaldum,
1754 2649 2112 2706 marchionem
2143 2655 2197 2705 et
2225 2650 2401 2724 ipsum

165 2735 575 2796 camerinorum
616 2741 671 2794 et
696 2738 1093 2811 Spoletinorum
1121 2754 1282 2811 supra
1309 2742 1628 2809 assignarat
1687 2738 1944 2795 liudolfus
1973 2739 2096 2808 post
2118 2736 2402 2792 victoriam

166 2824 418 2882 Ticinum
458 2826 785 2896 triumphans
823 2829 1145 2900 ingreditur3
1185 2841 1415 2898 cumque
1435 2831 1547 2897 jam
1576 2828 1754 2883 omnia
1778 2829 1835 2882 in
1862 2829 2133 2897 potestate
2157 2823 2397 2896 baberet,

170 2911 311 2971 bona
357 2929 483 2971 eum
527 2915 804 2974 voluntate
852 2916 1157 2973 Italicorum
1182 2930 1464 2987 procerum
1501 2915 1854 2983 Burgundiam
1892 2928 2041 2972 suam
2064 2914 2267 2969 revisit.
2331 2903 2401 2996 Et

169 3015 301 3060 sane
340 3017 490 3061 auno
531 3008 799 3076 sequente
836 3020 955 3061 cum
991 3004 1255 3075 ilungaris
1282 3003 1698 3075 irrumpentibus
1724 3004 1838 3058 illic
1867 3001 2173 3059 certandum
2203 3003 2255 3057 ei
2284 2998 2403 3056 initi

173 3088 427 3160 Sigonius
473 3092 848 3152 discedentem
887 3094 1200 3166 spoletinos
1240 3092 1533 3151 Bonifacio·
1561 3092 1861 3149 credidisse
1898 3090 2110 3149 scribit:
2157 3089 2256 3147 sed
2295 3088 2400 3144 boc

176 3191 241 3234 ex
276 3183 522 3251 iugenio.
609 3179 744 3238 Nam
788 3187 1040 3253 quantum
1082 3197 1151 3240 ex
1187 3182 1511 3256 Luitprando
1550 3179 1780 3250 intelligi
1821 3183 2015 3252 potest,
2057 3180 2232 3236 serius
2279 3193 2398 3234 eam

177 3268 489 3336 dlguitatem
515 3270 760 3341 obtinuit,
795 3282 916 3326 cnm
956 3277 1122 3342 pater*
1142 3271 1402 3329 hactenus
1432 3276 1708 3342 superstes
1738 3273 1903 3326 esset.
1974 3270 2230 3326 Saraceni
2276 3272 2402 3324 tunc

176 3355 342 3428 Alpes
385 3359 612 3416 infestas
650 3358 928 3432 babentes,
968 3373 1042 3418 ex
1075 3360 1379 3431 Fraxiueto,
1418 3362 1624 3432 opinor,
1660 3359 1856 3416 multos
1877 3356 2079 3427 angios
2118 3358 2303 3415 limina
2343 3355 2398 3411 S.

177 3442 316 3503 Petri
342 3449 606 3505 orationis
636 3462 798 3505 causa
835 3454 1085 3520 petentes
1114 3452 1393 3506 trucidant.

315 3537 407 3593 21.
477 3537 832 3606 Berengarius
873 3529 1160 3609 imperator
1189 3543 1449 3608 augustus
1479 3539 1571 3610 (ut
1597 3551 1659 3594 se
1686 3538 1806 3608 ipse
1831 3535 2116 3609 appellat),
2144 3539 2399 3612 exorante

183 3621 334 3681 Anna
371 3625 568 3681 dilecta
612 3629 839 3697 conjuge
880 3630 1137 3699 regnique
1180 3633 1450 3699 consorte,
1487 3626 1694 3683 Docale
1730 3629 1931 3682 curtem
1954 3624 2092 3696 juris
2119 3624 2271 3692 regni
2298 3625 2397 3696 sui,

186 3707 250 3767 de
278 3716 533 3770 comitatu
573 3714 881 3786 cenetensi,
922 3720 978 3773 et
1006 3718 1137 3772 duas
1165 3718 1496 3772 massaritias
1538 3715 1607 3771 de
1634 3715 1904 3771 sculdasia
1943 3711 2271 3784 Bellunensi,
2297 3709 2402 3767 Ai-

186 3803 324 3855 moni
351 3805 608 3874 episcopo
637 3803 949 3861 Bellunensi
977 3806 1244 3861 concedit.
1297 3803 1713 3875 Hermenfridus
1740 3802 2106 3858 cancellarius
2131 3802 2399 3871 snper-iuli

182 3887 418 3951 jusione
440 3897 748 3964 recoynovi.
818 3892 965 3949 Data
992 3897 1073 3948 est
1097 3893 1320 3949 donatio
1348 3908 1498 3949 anno
1526 3894 1827 3947 domanicae
1851 3891 2250 3947 incarnationis
2276 3891 2397 3960 923,

188 3981 334 4045 requi
367 3995 499 4036 vero
546 3983 598 4036 a.
637 3982 964 4052 Βηοημαήι·
994 3983 1221 4052 pias-sinu
1255 3983 1608 4051 imperatoris
1643 3982 1734 4052 28,
1771 3982 1985 4049 imponi
2021 3983 2200 4035 autem
2232 3982 2321 4034 sm·
2339 3977 2395 4032 s:

191 4062 360 4121 indice.
389 4071 473 4124 12.
543 4069 734 4126 Actum
768 4070 1021 4126 Veronae.
1093 4069 1337 4141 Diploma
1365 4072 1626 4138 integrum
1654 4068 1879 4124 babetur
1903 4073 1958 4124 in
1986 4067 2396 4124 Bellunensibus

196 4153 453 4227 episcopis
481 4159 618 4229 apud
642 4158 923 4228 Ugbellum
951 4165 1075 4215 tom.
1097 4162 1147 4215 5.
1216 4161 1371 4215 Anna
1400 4162 1595 4226 conjux
1614 4157 1848 4214 BertiIae
1877 4161 2231 4227 successerat,
2258 4168 2398 4224 quae

199 4243 429 4318 wudu,
455 4250 647 4303 nescio
680 4252 834 4317 cujus
857 4249 1044 4306 Circes
1074 4247 1375 4307 dementata
1405 4248 1833 4320 incantamentis,
1859 4247 2023 4305 infida
2048 4246 2233 4304 marito
2255 4242 2399 4352 facta

199 4334 352 4402 esset,
376 4347 581 4393 veneno
608 4337 799 4393 hausto
826 4339 1040 4394 interiit.

272 4434 372 4486 ⁸⁶)
342 4441 1158 4494 ‘mowndsslm
1264 4446 1349 4501 ⁶⁸)
1377 4455 1479 4491 eun
1505 4441 1691 4491 Rem
