2817 4959
554 278 688 345 m
1131 275 1670 347 ansanus
1728 274 2191 347 runnu

317 448 537 525 AAEu.
553 452 813 513 Nomi».
839 464 979 511 anno
1005 455 1158 522 regni
1184 457 1338 511 sexto
1358 455 1507 511 data.
1542 452 1613 509 Et
1636 452 1930 511 festinasse
1954 450 2245 523 Amulium,
2271 449 2438 508 multa
2462 451 2746 523 ostendunt,

547 547 646 616 qui
687 541 972 614 liudolfum
1015 542 1350 610 Burgundum
1387 544 1451 598 'in
1492 544 1673 599 reditu
1717 545 2036 613 opprimere,
2081 546 2136 597 et
2177 554 2301 596 mox
2343 539 2560 597 nothum
2597 540 2747 597 filiam

549 631 988 691 Lotbariensibus
1030 630 1327 701 praeficere
1367 631 1659 687 moliretur.
1741 630 1943 702 Copiae
1985 646 2094 686 nou
2138 629 2555 687 contemnendae
2596 628 2747 700 ruere,

547 734 621 781 ex
647 722 875 777 diversis
901 722 1056 789 regni
1082 718 1322 790 partibus
1352 720 1706 792 conscriptae,
1755 734 1874 776 cum
1914 723 1971 775 et
1997 719 2256 789 Saxones,
2284 719 2611 788 quantumvis
2636 718 2748 772 lon-

547 811 752 883 ginqui,
798 808 1000 864 Ottone
1046 808 1183 863 duce
1221 806 1321 863 sub
1368 809 1535 877 signis
1582 811 1783 863 essent.
1878 808 2232 876 Berengarius
2276 808 2512 863 venienti
2566 819 2745 875 comeS,

547 901 771 958 lionoris
818 911 983 954 causa
1029 901 1083 953 et
1127 897 1184 951 in
1223 895 1349 951 fidei
1388 898 1601 968 pignus,
1642 897 1888 964 armigeri
1928 897 2033 949 ritu
2064 895 2212 951 latus
2255 899 2373 963 ejus
2403 895 2590 964 clypeo
2617 896 2746 951 texit.

547 992 669 1047 Hoc
710 990 812 1059 est,
853 985 995 1057 quod
1023 985 1373 1056 Luitprandus
1402 983 1585 1055 voluit,
1611 999 1734 1040 cum
1762 985 2009 1055 clypeum
2049 986 2125 1039 ait
2162 982 2513 1040 arrhabonem
2540 983 2749 1039 creduli-

549 1083 681 1137 tatis
708 1080 971 1149 portasse.
1041 1073 1306 1129 Veronam
1332 1072 1588 1130 Arnull'us
1612 1075 1790 1129 statim
1809 1075 1865 1129 in
1881 1076 2153 1145 potestate
2175 1072 2380 1143 babuit,
2409 1074 2749 1143 exercituique

550 1169 744 1225 itinere
771 1165 991 1233 fatigato
1021 1165 1255 1233 quietem
1281 1161 1519 1218 indulsit.
1590 1163 1844 1218 Natalitio
1886 1161 2080 1217 deinde
2120 1161 2262 1216 festo
2292 1165 2531 1232 peracto,
2555 1164 2749 1216 ineunte

545 1260 660 1329 jam
686 1268 843 1325 anno,
867 1254 1029 1308 motis
1058 1253 1251 1307 castris
1278 1251 1594 1321 Bergomum
1622 1252 1833 1307 tandem
1861 1250 2112 1307 obsidere
2140 1253 2334 1321 coepit.
2408 1248 2519 1307 Cur
2545 1251 2607 1306 ad
2634 1250 2751 1305 dex-

550 1350 690 1403 tram
715 1344 857 1399 latus
887 1340 1184 1411 declinarit,
1208 1353 1391 1410 neque
1417 1347 1569 1396 recta
1594 1339 1833 1395 Ticinum
1861 1344 1951 1394 aut
1978 1338 2338 1394 Mediolanum
2378 1339 2604 1412 duxerit,
2642 1339 2752 1394 inde

549 1433 750 1491 factum
778 1429 1035 1488 credibile
1064 1434 1164 1500 est,
1193 1429 1335 1500 quod
1362 1428 1468 1483 alia
1497 1428 1619 1484 loca
1645 1432 1918 1499 paterent3
1953 1427 2080 1483 huic
2102 1442 2234 1483 vero
2275 1426 2395 1483 urbi
2425 1428 2587 1485 Wido
2613 1441 2753 1499 prae-

550 1524 746 1580 sidium
786 1520 1151 1592 imposuisset,
1197 1518 1340 1589 quod
1375 1532 1413 1572 a
1455 1521 1605 1587 tergo
1645 1516 1878 1587 relinqui
1919 1530 2029 1572 non
2066 1516 2334 1587 placebat.
2386 1516 2650 1573 Castrum
2675 1517 2752 1572 diu

550 1625 754 1668 summa
792 1612 848 1665 vi
888 1613 1277 1679 oppugnatum:
1325 1610 1594 1677 protracta
1634 1604 1933 1677 obsidione,
1974 1606 2185 1662 tandem
2224 1619 2419 1662 corona
2448 1611 2656 1676 captura
2681 1606 2753 1661 est

550 1696 696 1756 festo
724 1697 1108 1769 purificationis
1138 1696 1241 1752 die.
1313 1694 1529 1751 Incolae
1558 1697 1728 1764 primo
1756 1696 1960 1766 impetu
1987 1697 2167 1766 caesi;
2196 1707 2376 1751 comes
2404 1693 2520 1749 loci
2550 1692 2754 1751 Ambro-

549 1789 682 1859 stuS,
710 1786 873 1842 credo
901 1785 972 1840 ob
1001 1784 1325 1855 singularem
1351 1783 1711 1856 insolentiam,
1754 1799 1875 1841 cum
1901 1782 2197 1853 insignibus
2226 1783 2518 1853 dignitatis,
2563 1782 2752 1840 baltheo

547 1879 608 1933 et
631 1875 876 1945 armillis,
903 1877 1028 1930 ante
1054 1878 1262 1944 portam
1290 1886 1605 1946 suspensus,
1675 1873 1732 1928 Is
1772 1877 1945 1954 terror
1987 1878 2313 1928 caeterarum
2350 1871 2567 1929 urbium
2593 1875 2752 1943 portas

549 1968 788 2038 aperuit3
818 1979 958 2035 quae
988 1966 1230 2019 certatim
1256 1966 1437 2020 missis
1468 1963 1676 2032 legatiS,
1705 1975 1769 2017 se
1796 1975 2000 2031 suaque
2027 1961 2309 2016 tradidere.
2352 1960 2611 2018 Arnnlt'us
2628 1964 2755 2018 recta

547 2053 764 2126 Papiam
783 2054 982 2108 tendit:
1005 2051 1271 2123 ottonem,
1295 2066 1455 2121 quem
1476 2050 1825 2122 Luitprandns
1844 2051 2273 2119 potentissimum
2291 2049 2569 2106 Saxonum
2588 2051 2755 2105 ducem

549 2147 728 2211 vocat,
754 2142 826 2196 ad
851 2140 1216 2210 recipiendum
1243 2139 1602 2209 tuendumque
1630 2137 1989 2196 Mediolanum
2018 2139 2181 2194 misit.
2253 2136 2366 2204 Ego
2406 2145 2685 2208 praeterea
2708 2140 2756 2191 iu

548 2230 814 2285 mandatis
855 2229 1074 2284 dedisse
1118 2232 1319 2300 putem,
1358 2231 1418 2281 ut
1445 2224 1703 2283 Gallicum
1730 2229 1834 2282 iter
1862 2226 2167 2297 exploraret
2193 2229 2551 2298 mmiretque.
2619 2226 2755 2284 Wido

547 2316 712 2385 longe
739 2320 923 2387 impar,
952 2314 1168 2372 deserta
1193 2315 1294 2372 bac
1321 2318 1472 2387 parte
1500 2315 1706 2386 Italiae,
1750 2329 1909 2386 quam
1948 2320 2169 2373 veteres
2195 2315 2420 2373 Galliam
2448 2315 2756 2390 Cisalpinam

547 2403 830 2476 vocabant,
857 2403 924 2458 ad
951 2403 1260 2473 spoletinos
1287 2417 1419 2459 suos
1448 2402 1703 2473 confugit.

691 2492 742 2548 2.
816 2490 1093 2547 Arnulsum
1119 2494 1318 2547 acriter
1342 2494 1661 2563 insecutum,
1701 2493 1865 2549 urbes
1907 2475 2237 2564 castellaque
2266 2494 2459 2566 omnia,
2502 2509 2643 2566 quae
2668 2494 2757 2549 iter

547 2579 834 2652 obtulerat,
864 2582 1095 2653 cepisse,
1123 2580 1476 2651 Luitprandus
1505 2583 1722 2638 scribit:
1768 2582 1866 2638 sed
1893 2582 2115 2654 Regino,
2140 2597 2250 2640 non
2277 2583 2415 2639 ultra
2440 2582 2758 2641 Placentiam

543 2684 907 2742 progressum.
977 2669 1060 2724 Ita
1089 2672 1165 2725 cis
1193 2669 1391 2726 Padum
1421 2673 1734 2728 constiterit.
1806 2672 2183 2741 Berengarium
2209 2674 2266 2728 in
2294 2671 2479 2728 sedem
2505 2674 2660 2743 regni
2684 2669 2757 2726 sui

545 2761 852 2817 restituisse
880 2761 1013 2816 satis
1039 2761 1227 2816 visum.
1301 2759 1591 2817 Romanum
1618 2764 1723 2817 iter
1750 2760 1963 2818 differre
1991 2762 2203 2828 maluit3
2245 2774 2424 2831 neque
2466 2764 2613 2819 enin
2639 2759 2759 2817 Gal·

542 2847 641 2904 lici
665 2853 844 2906 motus
871 2850 1167 2906 diuturnam
1194 2853 1339 2919 regis
1367 2850 1664 2906 absentiam
1693 2848 1955 2906 ferebant.
2027 2849 2213 2919 ltaque
2254 2849 2432 2906 subito
2468 2853 2577 2907 iter
2609 2850 2758 2918 flexit,

436 2948 440 2957 ⁴
546 2940 605 2994 et
630 2952 729 3011 per
752 2939 920 3012 Alpes
945 2937 1212 2995 Penninas
1240 2941 1603 3009 (posteriores
1630 2938 1866 2995 Mentem
1892 2938 2041 2994 Jovis
2062 2938 2289 3008 vocant)
2311 2941 2373 2995 in
2409 2937 2637 2995 Galliam
2663 2938 2757 2993 im·
2796 2974 2797 2977 κ

544 3032 795 3098 provisus
823 3028 1167 3083 transcendit.
1239 3028 1297 3082 Si
1325 3033 1659 3085 vera-narrat
1683 3027 2054 3099 Luitprandus,
2083 3027 2401 3085 Ticinenses
2421 3025 2761 3095 rebellantes,

546 3130 667 3171 cum
705 3128 803 3172 rex
841 3117 897 3168 in
935 3111 1071 3167 urbe
1111 3116 1276 3181 esset,
1318 3129 1561 3184 magnam
1599 3116 1825 3173 militum
1864 3118 1984 3183 ejus
2025 3119 2257 3185 stragem
2286 3118 2535 3183 edidere;
2568 3121 2759 3173 etcum
2796 3184 2797 3187 Ἴ

543 3200 812 3273 Eporedia
837 3200 1104 3268 transiret,
1133 3200 1461 3257 Anscbarius
1490 3203 1725 3261 marchio
1763 3202 2078 3268 rebellarim
2109 3204 2208 3258 sed
2234 3202 2423 3273 fugere
2448 3210 2688 3276 coactus,
2712 3204 2763 3258 in
2796 3230 2797 3245 u

541 3292 789 3345 cavernis
833 3287 1004 3342 latuit.
1101 3286 1250 3340 Haec
1294 3291 1438 3344 enim
1482 3290 1550 3344 ad
1593 3292 1944 3361 posteriorem
1987 3290 2383 3360 expeditionem
2424 3289 2622 3348 referri
2665 3305 2764 3350 non
2796 3328 2797 3349 η

541 3381 790 3451 possunt,
815 3378 874 3432 in
901 3389 1005 3447 qua
1030 3387 1127 3447 per
1151 3372 1289 3429 haec
1314 3373 1439 3431 loca
1466 3391 1563 3432 rex
1588 3380 1691 3433 iter
1716 3392 1822 3434 nou
1854 3374 1998 3432 fecit.
2796 3400 2797 3437 κ

686 3465 738 3523 3.
809 3464 986 3535 wido,
1019 3463 1297 3520 intellecto
1329 3463 1498 3520 hostis
1524 3477 1765 3537 recessu,
1810 3465 2040 3521 animum
2078 3463 2359 3538 colligens,
2399 3467 2647 3525 vicissim
2685 3470 2766 3525 in-

546 3557 695 3612 stare
719 3556 915 3625 coepit.
988 3552 1096 3609 Sed
1137 3566 1256 3610 cum
1298 3553 1366 3608 ad
1405 3552 1609 3625 Tarum,
1651 3557 1766 3624 agri
1803 3553 2100 3610 Placentini
2137 3555 2370 3627 fluvium,
2409 3559 2766 3628 pervenisset,

543 3647 746 3723 yomitu
773 3643 1047 3711 sanguinis
1074 3644 1355 3712 repentino
1383 3656 1675 3714 oppressus
1704 3643 1853 3699 obiit.
1905 3642 2054 3699 Haec
2071 3643 2340 3716 Sigonius,
2371 3649 2461 3717 qui
2489 3646 2558 3701 de
2585 3648 2765 3702 mortis

545 3746 684 3789 anno
716 3725 965 3789 convenit
994 3747 1114 3788 cum
1141 3730 1529 3803 Regiuone,‘de
1555 3731 1680 3789 loco
1710 3748 1828 3788 cum
1856 3731 2210 3804 Luitprand03
2241 3749 2414 3805 genus
2440 3735 2593 3791 necis
2624 3735 2766 3791 addit

546 3834 617 3877 ex
661 3820 844 3880 Leone
887 3820 1145 3878 Ostiensi.
1234 3820 1586 3892 Luitprandus
1628 3820 1850 3879 mirifice
1892 3825 2068 3878 omnia
2114 3822 2321 3894 turbat;
2365 3823 2520 3881 binas
2563 3820 2766 3879 Amulli

544 3909 912 3981 profectiones
951 3913 1011 3968 in
1036 3923 1194 3966 unam
1221 3908 1517 3966 confundit.
1586 3909 1648 3965 ld
1690 3910 1821 3967 tecit
1846 3912 2182 3980 ignoratione
2220 3925 2429 3985 rerum
2470 3913 2567 3969 sed
2606 3916 2767 3982 poeta

544 4003 919 4071 panegyristae
961 3998 1208 4071 consilio,
1248 4000 1643 4071 quicoronam
1681 3999 1905 4055 Arnull'o
1947 4002 2142 4057 itinere
2182 3999 2420 4058 secundo
2449 4001 2765 4070 impositam,

547 4086 915 4145 dissimulavit.
985 4088 1262 4159 Batonius,
1290 4087 1434 4158 quod
1460 4090 1636 4160 miror,
1665 4103 1698 4144 a
1722 4087 2043 4159 Luitprando
2068 4091 2347 4162 deceptus,
2373 4093 2535 4146 vitam
2553 4087 2766 4144 widoni

545 4177 812 4249 prorogat,
854 4174 977 4231 dum
1016 4176 1269 4232 Arnulfus
1308 4175 1482 4233 altera
1515 4180 1637 4234 vice
1664 4177 1822 4233 ltalia
1849 4178 2080 4235 decedit.
2152 4179 2317 4235 Poeta
2344 4183 2498 4234 autor
2525 4181 2767 4233 contem-

543 4276 813 4339 poraneus
840 4262 940 4332 (de
969 4277 1075 4333 quo
1103 4264 1294 4334 Pagius
1323 4265 1568 4322 dubitare
1594 4281 1703 4322 non
1730 4265 1945 4337 debuit]
1975 4270 2030 4321 et
2040 4266 2344 4343 collocalis,
2365 4280 2540 4337 eoque
2558 4267 2764 4334 certior,

547 4355 761 4423 quoties
787 4349 934 4407 nulla
963 4349 1194 4420 fingendi
1229 4356 1364 4409 ratio
1407 4360 1509 4422 est,
1544 4355 1786 4411 Widonis
1814 4358 2041 4411 mortem
2066 4354 2305 4411 nonnihil
2332 4360 2457 4426 post
2484 4355 2765 4411 decessum

547 4440 747 4499 Amulii
778 4439 967 4513 differt,
995 4444 1052 4498 et
1079 4443 1264 4496 mortis
1292 4456 1463 4511 genus
1490 4442 1627 4501 baud
1658 4445 1731 4499 ita
1758 4456 2020 4515 praeceps
2049 4442 2197 4516 facit,
2226 4442 2309 4499 bis
2336 4442 2545 4501 verbis:
