2817 4959
606 360 737 429 1⁰0
1180 356 1719 428 ANNALES
1780 354 2246 426 IMPERII

357 540 580 613 3588,
606 552 639 594 a
666 534 915 593 familiari
940 534 1183 593 ministro
1210 534 1595 605 strangulatum
1621 533 1872 603 scripsit3
1914 530 2057 604 qnod
2097 544 2265 600 aegre
2302 531 2655 606 crediderim,
2706 539 2817 593 nul

601 625 832 683 sceleris
858 625 1050 695 pretio.
1121 622 1334 680 Besilus
1359 626 1417 679 ia
1451 623 1593 679 idem
1620 627 1860 679 veterem
1887 624 2202 692 scripturam
2226 633 2298 677 ex
2322 620 2541 678 Andrea
2566 623 2817 682 Hareni

597 716 758 772 nensi
785 716 928 770 citat.
980 713 1090 769 Sed
1117 713 1207 782 qui
1225 725 1437 768 veneno
1464 716 1703 784 potatum
1727 710 1943 767 tradidit
1959 708 2146 781 Botbo,
2164 709 2579 767 Brnnsvicensis
2596 712 2817 771 claron]

598 801 919 860 vernaculus
955 804 1201 874 scriptor,
1235 799 1457 856 Calvum
1485 800 1684 856 Crasso
1727 798 1981 855 confudit.
2053 797 2244 854 Nullus
2284 798 2547 856 hactenus
2586 799 2817 874 Europ.⁴

597 892 896 964 principum
936 889 1003 946 ad
1045 893 1163 960 ejus
1202 889 1636 959 magnitudinem,
1679 900 1853 957 usque
1892 888 1960 943 ad
2001 885 2253 944 Carolum
2291 887 2442 944 illum
2469 889 2817 948 Austriacui

597 981 859 1051 pensan,
888 991 1046 1049 quem
1072 980 1128 1033 in
1155 965 1378 1049 imperio
1407 980 1648 1048 quintum
1674 989 2027 1033 numeramus.

738 1068 789 1123 2.
861 1063 1239 1123 circumfertur
1265 1064 1364 1121 sub
1394 1064 1575 1121 Caroli
1603 1063 1783 1121 Crassi
1808 1065 2026 1120 nomine
2053 1065 2364 1122 constitutio
2390 1066 2463 1122 de
2478 1067 2817 1138 expeditior

597 1156 847 1227 Romana,
875 1170 908 1211 a
933 1154 1160 1213 velsero
1187 1158 1424 1225 inventa,
1461 1170 1495 1210 a
1522 1152 1781 1210 Goldasto
1821 1154 1963 1210 edita
1977 1154 2026 1209 *.
2062 1152 2173 1209 Sed
2207 1154 2369 1209 bodie
2404 1156 2549 1210 inter
2596 1160 2817 1215 erudit«

595 1249 888 1303 convenire
913 1242 1159 1315 arbitror,
1186 1244 1365 1300 multis
1393 1246 1519 1314 post
1545 1241 1747 1300 seculis
1771 1245 2042 1313 scriptam.
2089 1242 2311 1306 Quidam
2330 1243 2395 1298 ad
2417 1242 2753 1302 Com-adnm
2774 1247 2817 1301 Il

595 1332 707 1404 alii,
734 1332 878 1402 quod
906 1332 1103 1403 malim,
1131 1333 1199 1388 ad
1218 1331 1468 1388 Carolum
1486 1331 1575 1387 IV.
1596 1333 1886 1406 pertinere,
1914 1329 2247 1387 arbitrantur.
2285 1331 2432 1403 Nam,
2449 1338 2511 1387 ut
2532 1338 2817 1406 temporu]

594 1424 925 1479 notationem
952 1435 1061 1476 non
1088 1435 1382 1490 congruere
1411 1424 1639 1490 taceam,
1682 1425 1739 1476 et
1778 1433 1867 1475 res
1908 1424 1966 1476 et
2002 1419 2267 1476 vocabula
2307 1435 2340 1475 a
2367 1421 2547 1477 secali
2576 1426 2729 1479 noni
2758 1440 2817 1480 us

597 1509 899 1567 abhorrent.
936 1509 1223 1567 Praeterea
1242 1508 1453 1579 quando
1475 1508 1702 1564 Carolus
1720 1511 1906 1564 noster
1929 1508 2147 1565 Romam
2173 1507 2657 1583 proficiscebatur,
2688 1517 2817 1569 mini

594 1613 733 1655 mam
754 1597 1073 1655 Germaniae
1092 1602 1310 1670 partem,
1329 1596 1580 1653 sueviam
1601 1596 2250 1669 scilicetHelvetiamque,
2271 1597 2505 1670 tenebat,
2527 1613 2670 1657 curn
2688 1601 2817 1659 frat«

593 1690 722 1744 natu
748 1691 920 1756 major
935 1686 1235 1743 Lndovicus
1265 1688 1594 1756 superesset.
1667 1684 1749 1740 Ita
1775 1685 1871 1740 tali
1900 1686 2269 1743 constitutioni
2294 1683 2447 1742 locus
2477 1702 2601 1744 non
2632 1697 2785 1748 erat.

735 1776 788 1832 3.
861 1774 1177 1846 observavi,
1222 1773 1471 1830 Carnium
1524 1772 1746 1830 Calvum
1791 1772 1901 1829 illis
1946 1775 2279 1846 temporibus
2319 1789 2352 1831 a
2390 1772 2704 1835 Germanis
2754 1796 2817 1851 pr

591 1866 946 1923 Romanorum
986 1866 1309 1934 imperatore
1346 1877 1459 1919 non
1490 1861 1742 1933 habitum,
1788 1863 1886 1919 sed
1915 1862 2164 1920 Carolnm
2189 1863 2345 1936 bunc,
2380 1876 2549 1934 quern
2578 1866 2817 1925 Crassm

592 1957 835 2027 dicimuS,
861 1952 1165 2011 Secundum
1193 1950 1472 2023 appellari.
1537 1951 1654 2009 Hoc
1680 1951 1934 2008 discimus
1963 1967 2032 2008 ex
2058 1950 2261 2022 aliquot
2288 1952 2686 2012 traditionibus
2706 1957 2817 2015 San

589 2043 938 2114 gallensibus,
980 2055 1112 2112 quas
1156 2039 1444 2096 Goldastus
1488 2044 1635 2094 tomo
1681 2040 1917 2096 secundo
1944 2039 2436 2098 Allemannicorum
2467 2056 2559 2098 ex
2608 2044 2817 2103 Vadian

592 2132 942 2189 collectaneis
969 2129 1278 2199 publicavit.
1316 2127 1450 2182 Nam
1477 2141 1699 2183 numero
1730 2128 1813 2184 19.
1845 2128 2213 2199 liugprecbtns
2243 2135 2536 2186 commutat
2568 2138 2817 2204 quaeda:

590 2235 711 2276 curn
752 2220 1076 2275 monasterio
1117 2217 1172 2272 S.
1203 2214 1341 2271 Galli
1371 2214 1462 2270 M.
1489 2216 1643 2271 Febr.
1673 2232 1818 2272 anno
1845 2220 2060 2287 imperii
2086 2218 2274 2273 Caroli
2296 2218 2542 2274 Secunda·
2565 2228 2817 2282 secundo

589 2308 660 2364 Et
685 2324 738 2363 n.
767 2308 851 2362 28.
887 2304 1141 2363 Salomon
1174 2306 1357 2372 junior
1398 2302 1829 2361 constantiensis
1870 2306 2020 2362 sedis
2064 2308 2373 2378 episcoan,
2415 2312 2470 2363 et
2512 2308 2817 2371 Hartmotu

588 2394 840 2452 coenobii
857 2394 913 2449 S.
938 2392 1077 2447 Galli
1098 2391 1284 2461 abbas,
1313 2396 1784 2450 commutationem
1805 2396 2115 2451 instituunt:
2146 2395 2451 2452 ille-abbati
2480 2400 2545 2453 et
2574 2399 2817 2458 frati-ibn

588 2484 837 2540 concedit
865 2482 1122 2537 decimam
1150 2482 1206 2536 in
1234 2478 1550 2549 quibusdam
1576 2480 1713 2536 locis
1742 2497 1862 2538 cam
1886 2484 2061 2538 salica
2086 2488 2240 2539 terra
2267 2490 2318 2539 et
2342 2484 2508 2555 hobis,
2548 2493 2620 2544 ιιι
2649 2492 2716 2547 in
2741 2509 2817 2547 sm

587 2576 747 2629 nant
771 2573 1028 2627 vestitura
1069 2567 1153 2637 (id
1182 2574 1267 2624 est
1287 2569 1695 2642 possessione),
1725 2573 1779 2626 et
1815 2571 1921 2626 alia
1954 2574 2163 2643 recipit.
2233 2570 2301 2626 Et
2339 2572 2545 2642 placuit
2584 2578 2817 2638 chartas

587 2662 885 2733 pacationis
930 2672 997 2713 ex
1035 2662 1259 2727 utraque
1299 2662 1455 2729 parte
1499 2655 1738 2732 allevari,
1777 2661 1918 2730 quod
1956 2659 2192 2716 Tuitisce
2227 2660 2551 2717 Suonbuocb
2589 2667 2817 2736 (librum

586 2763 790 2806 suonae
821 2762 920 2804 seu
947 2748 1730 2814 transactionis)·nominamus.
1786 2748 1980 2805 Actum
2004 2752 2064 2804 in
2087 2749 2215 2807 villa
2240 2749 2659 2811 Romamn-n
2688 2766 2815 2817 aaa

584 2842 848 2910 requente
882 2839 1211 2906 imperatore
1254 2836 1452 2891 carolo
1491 2836 1572 2890 Η.
1607 2836 1705 2891 aab
1751 2840 1940 2892 comate
1972 2837 2266 2894 Adalberto
2306 2853 2488 2895 mense
2510 2830 2814 2919 1·ιηίφᾶ

590 2928 824 2997 Veneris,
867 2927 1159 2982 indictione
1197 2925 1278 2979 15
1379 2923 1447 2979 Et
1490 2937 1542 2979 n.
1586 2923 1675 2979 85.
1718 2938 1864 2979 enno
1904 2926 2138 2985 secundo
2190 2928 2376 2983 domni
2413 2928 2640 3003 ,4νωὶῙὶ
2688 2924 2811 3015 regi

585 3014 783 3072 factum
813 3017 899 3068 est
926 3014 1178 3082 placitum
1206 3015 1262 3069 in
1288 3028 1443 3083 pago,
1473 3014 1565 3083 qui
1593 3012 1785 3069 dicitnr
1810 3011 1956 3069 Para.
2030 3014 2098 3070 Et
2139 3021 2472 3073 sacramento
2502 3020 2564 3075 in
2595 3030 2808 3093 sancte

587 3115 703 3156 rum
739 3099 984 3169 reliquiis
1013 3102 1328 3171 praemisso,
1362 3104 1501 3156 sicut
1527 3105 1578 3155 et
1601 3115 1772 3173 nuper
1790 3101 2003 3171 factem
2028 3109 2106 3158 ert
2132 3107 2188 3158 in
2215 3105 2397 3161 diebus
2419 3106 2624 3164 Kar-012·
2652 3112 2806 3184 impe

582 3189 792 3243 rator-ia
828 3187 1061 3255 secundi,
1104 3185 1373 3242 testificati
1415 3193 1539 3244 sunt
1584 3191 1842 3260 primores
1883 3191 2084 3264 populi,
2126 3191 2194 3247 ad
2228 3208 2485 3263 quosnam
2513 3182 2804 3268 pertineri

574 3279 668 3344 jus
696 3275 977 3332 ordinandi
1003 3274 1292 3331 ecclesiam
1319 3277 1376 3331 in
1402 3275 1693 3349 Lemngen.
2796 3328 2799 3337 ⁴

720 3365 772 3420 4.
844 3363 1016 3420 Morte
1043 3362 1220 3418 Caroli
1248 3362 1553 3421 monarchia
1588 3364 1905 3423 Francorum
1945 3372 2000 3424 in
2040 3373 2221 3441 partes
2262 3371 2486 3428 dissiliit.
2544 3374 2741 3435 Amul

582 3452 916 3509 Germaniam
980 3455 1100 3509 sine
1146 3456 1512 3510 controversia
1556 3453 1769 3525 babuit3
1834 3470 2015 3527 neque
2058 3464 2150 3515 aut
2192 3458 2373 3533 Poppo
2416 3458 2707 3534 'thuringo

575 3545 846 3612 princeps,
887 3546 978 3598 aut
1019 3540 1144 3597 Otto
1189 3542 1472 3614 Saxonum,
1514 3546 1604 3598 ant
1636 3542 1935 3601 burcardus
1979 3546 2427 3620 Allemannorum,
2470 3550 2544 3605 ad
2591 3566 2747 3626 scep

579 3632 851 3701 aspirasse
878 3630 1194 3686 scribuntur.
1266 3632 1374 3687 Alii
1415 3645 1486 3688 eo
1524 3636 1765 3704 tempore
1805 3637 2089 3691 autoritate
2127 3637 2423 3707 praevalidi
2455 3644 2572 3696 non
2598 3656 2701 3700 rue

576 3722 773 3773 rantur.
846 3718 909 3773 In
947 3714 1122 3775 Gallia
1163 3718 1296 3793 Odo,
1334 3722 1643 3779 recentibus
1685 3719 1944 3779 defensae
1979 3724 2227 3783 Lutetiae
2263 3726 2483 3799 meritis,
2527 3730 2693 3788 visus

579 3820 777 3863 corona
823 3807 1032 3879 dignus,
1076 3822 1232 3880 quam
1278 3813 1334 3865 et
1377 3813 1515 3865 tueri
1561 3815 1763 3883 posset,
1811 3826 1929 3867 cum
1970 3813 2255 3870 Normanni
2291 3815 2463 3871 adbuc
2499 3821 2664 3876 visce
2702 3823 2715 3835 “

574 3899 723 3963 regni
751 3897 1079 3954 incubarent.
1168 3897 1383 3954 Praeter
1422 3902 1727 3956 comitatum
1772 3899 2094 3958 Parisiorum
2132 3905 2295 3959 etiam
2337 3903 2591 3963 ducatum
2634 3908 2729 3964 Au

573 3982 869 4040 iianensem
911 3992 966 4042 et
1010 3985 1295 4042 marchiam
1323 3987 1644 4060 Britanniae,
1687 3989 1741 4044 id
1770 3994 1855 4046 est
1878 3990 2316 4064 Andegavenses‚
2340 3998 2559 4064 paterni
2587 3994 2709 4053 Ιιοιι

578 4071 827 4141 exemplo
873 4078 931 4129 et
973 4076 1177 4130 recenti
1223 4077 1561 4147 imperatoris
1607 4076 1888 4150 beneficio,
1956 4079 2300 4150 gubernabat.
2398 4082 2599 4153 ltaque
2648 4087 2713 4141 lo

572 4161 814 4230 potentia
842 4162 1110 4219 eminebat
1144 4167 1284 4220 inter
1309 4178 1579 4237 proceres,
1622 4158 1943 4238 ferebatque
1970 4167 2277 4241 Richardus,
2306 4170 2657 4241 Burgundiae
2688 4174 2735 4231 C

567 4251 791 4319 jnranae
818 4255 1011 4321 rector,
1040 4252 1298 4309 moderati
1326 4255 1406 4308 vir
1434 4256 1650 4325 ingenii,
1676 4259 1769 4326 qui
1796 4269 2037 4313 sororem
2064 4261 2182 4328 ejus
2202 4262 2463 4316 uter-mam
2480 4262 2731 4320 Adelaid

572 4340 630 4395 in
657 4339 992 4393 matrimonio
1018 4338 1267 4398 babebat.
1336 4342 1399 4398 In
1435 4345 1721 4413 Aquitania
1756 4348 1813 4400 et
1846 4345 2179 4416 Septimania
2210 4348 2469 4420 (alterius
2498 4354 2665 4421 regni

572 4427 739 4496 teria)
765 4439 922 4482 nemo
946 4440 1081 4484 unus
1111 4432 1244 4485 satis
1272 4430 1594 4489 excellebat.
1678 4433 1739 4489 In
1767 4434 2068 4504 Burgundia
2091 4435 2351 4495 ulteriore
2376 4438 2618 4497 Bosonis
2650 4446 2711 4501 vi

676 4532 724 4584 ⁸)
752 4544 884 4588 quam
911 4530 1144 4581 trebetas
1171 4536 1293 4587 notia
1320 4538 1517 4585 eruditis
1543 4539 1796 4585 illustravit
1821 4541 1942 4585 auu
1969 4542 2206 4587 Echo-du.
