2817 4959
663 310 1196 378 ANNALES
1271 310 1725 378 IMPERII
2168 312 2289 382 43¹

66 487 224 544 disse
252 486 477 555 ridetur,
508 498 625 540 cum
651 483 838 542 hostes
857 484 1225 543 Wallislevam
1252 488 1542 557 cepissent.
1569 489 1627 542 et
1652 485 1848 544 deinde
1875 502 2067 558 magno
2092 488 2298 560 praelio
2327 477 2547 558 Λζ933.

65 576 218 649 victi,
259 587 468 652 poenas
495 573 754 645 luissent;
794 575 884 632 vel
910 574 1085 646 (quod
1112 575 1327 645 malim)
1361 573 1646 633 referenda
1671 573 1809 633 haec
1835 590 2047 649 quoque
2076 578 2144 634 ad
2172 592 2301 649 pro-

65 665 270 721 ximam
298 664 663 732 Hungarorum
687 663 1052 733 irruptionem.

215 751 304 808 27.
376 749 702 808 Ludovicum
731 750 948 822 Orbum,
976 752 1204 809 Bosonis
1226 757 1283 808 et
1308 751 1659 823 Ingelbergae
1686 753 1956 810 Ludovico
1982 753 2048 810 11.
2072 760 2301 822 augusto

65 845 236 899 natae
283 839 466 913 filiun,
520 843 720 897 unctu
760 841 900 898 inter
939 840 1246 897 Rhodanum
1285 841 1562 913 Alpesque
1598 844 1833 914 patentis
1872 856 2069 915 regem,
2113 842 2301 900 Italiae

68 931 238 988 etiam
262 940 431 997 regno
460 932 672 986 auctum
699 931 756 987 et
784 933 1062 1000 augustum
1088 929 1289 987 Romae
1323 932 1693 1002 renuntiatum,
1735 930 1833 987 sed
1873 943 1980 987 uno
2007 930 2298 989 infortunio

70 1032 142 1076 eo
171 1017 462 1090 redactum,
489 1020 548 1072 ut
571 1031 676 1074 nec
701 1019 912 1089 paterni
939 1021 1090 1087 regni
1117 1020 1250 1075 satis
1280 1032 1505 1090 compos
1534 1022 1700 1091 esset,
1730 1020 1870 1075 circa
1896 1017 2032 1076 haec
2061 1025 2303 1092 tempora

69 1109 242 1164 vitam
260 1105 465 1177 finisse,
495 1105 890 1176 Delphinatium
907 1106 1194 1163 historicus
1214 1106 1512 1186 verisimile
1529 1109 1675 1164 tecit.
1727 1108 1969 1181 Accedit,
1991 1110 2135 1179 quod
2161 1123 2301 1167 anno

69 1195 310 1254 nondum
352 1193 532 1250 adulto
574 1193 834 1252 liudolfus
872 1210 970 1253 rex
997 1194 1207 1252 Galliae
1231 1195 1494 1252 Viennam
1533 1196 1682 1252 venit
1723 1200 1778 1253 et
1816 1197 2001 1254 urbem
2028 1197 2301 1256 deditione

73 1285 306 1354 accepit,
349 1282 695 1356 tradentibus,
734 1287 828 1354 qui
851 1283 1139 1355 tenebant;
1180 1297 1317 1356 quae
1352 1283 1520 1342 verba
1558 1285 1796 1357 innuunt,
1836 1299 1940 1341 nec
1978 1285 2302 1344 Ludovicum

74 1372 297 1443 orbum,
337 1383 442 1427 nec
481 1369 647 1427 lilium
687 1376 808 1443 ejus
849 1371 1099 1429 Carolum
1140 1372 1543 1429 Constantinum
1587 1376 1714 1428 tunc
1754 1376 2015 1432 tenuisse.
2077 1375 2302 1432 Carolus

75 1459 464 1517 Constantinus
500 1463 652 1529 regio
691 1463 908 1519 nomine
949 1462 1234 1528 abstinuit;
1277 1462 1538 1518 Viennam
1579 1467 1756 1520 tamen
1782 1465 1900 1520 sive
1929 1463 2070 1520 bona
2096 1463 2301 1519 liudolfi
2403 1511 2411 1520 .

75 1550 264 1622 graue,
293 1550 411 1606 sive
441 1562 510 1606 eo
536 1551 775 1607 extincto
803 1563 1156 1622 recuperasse
1174 1549 1398 1606 videtur.
1453 1549 1714 1606 nadulfus
1732 1551 1787 1607 id
1805 1549 2015 1626 agebat,
2032 1556 2091 1608 ut
2108 1566 2303 1609 novum

75 1652 302 1709 regnum
329 1640 541 1709 corpori
569 1637 792 1711 Galliae,
818 1653 850 1696 a
877 1653 983 1709 quo
1011 1639 1254 1695 avulsum
1281 1643 1414 1710 erat,
1443 1641 1831 1697 restitueretur.

222 1727 310 1784 28.
378 1726 638 1784 Rudolfus
673 1730 788 1797 iam
834 1726 952 1784 i'ere
993 1727 1061 1784 ab
1108 1727 1354 1784 omnibus
1397 1742 1493 1798 pro
1531 1727 1854 1784 Francorum
1893 1726 2305 1785 occidentalium

77 1828 211 1887 rege
236 1814 550 1886 habebatur,
592 1818 649 1872 et
674 1817 766 1886 qui
805 1814 958 1871 solus
998 1815 1257 1872 hactenus
1295 1817 1352 1872 in
1376 1816 1629 1872 Nenstria
1664 1819 1949 1888 restiterat,
1990 1815 2306 1874 wilhelmus

79 1906 188 1962 dux
225 1905 645 1962 Normannorun
687 1917 832 1960 nunc
875 1904 1089 1960 tandem
1130 1916 1258 1960 sese
1299 1906 1421 1972 ejus
1459 1903 1585 1962 lidci
1623 1909 1986 1977 potestatique
2025 1907 2307 1979 commisit,

80 1995 322 2054 vicissim
363 1993 441 2048 illi
481 1993 741 2049 maritima
769 1993 1073 2048 Britanniae
1109 1993 1327 2049 minoris
1372 1995 1657 2049 autoritate
1692 1994 1842 2063 regia
1878 1991 2140 2050 affirmata
2165 1999 2307 2062 sunt,

81 2083 341 2140 renovato
374 2083 544 2151 patris
564 2083 705 2149 jure.
767 2080 894 2152 Ipse
923 2080 1180 2138 liudolfus
1203 2081 1262 2135 id
1289 2081 1417 2152 egit,
1444 2083 1502 2136 ut
1528 2080 1865 2138 Heribertum
1893 2081 1960 2138 ad
1989 2081 2305 2152 obsequium

86 2172 297 2229 tandem
316 2174 552 2238 cogeret.
605 2168 794 2239 ltaque
813 2176 1045 2226 castrum
1072 2168 1128 2224 S.
1144 2168 1478 2242 Theoderici,
1504 2168 1573 2226 ad
1599 2171 1891 2228 Maternum
1912 2170 2109 2228 flumen
2130 2173 2307 2242 situm,

85 2273 188 2316 sex
213 2261 624 2330 septimanarum
651 2257 1030 2320 obsidionem
1058 2257 1382 2316 deditionem
1410 2258 1595 2327 adigit.
1677 2258 1849 2332 Walo,
1888 2261 1980 2330 qui
2020 2274 2117 2331 pro
2145 2260 2309 2317 Heri-

86 2349 242 2406 berto
281 2347 515 2420 tenebat,
554 2351 975 2418 temperamento
1020 2347 1248 2418 quodam
1289 2361 1351 2404 se
1392 2361 1515 2404 cum
1559 2352 1735 2405 castro
1785 2349 1944 2405 tradit
1987 2350 2043 2405 in
2087 2349 2310 2418 reginae

85 2437 306 2494 minae
346 2435 524 2492 tidem.
609 2435 848 2494 Durante
890 2434 1190 2508 obsidione,
1236 2435 1471 2506 modus
1516 2437 1574 2493 in
1617 2438 1808 2494 castris
1851 2435 2037 2494 habita
2074 2440 2177 2508 est,
2223 2440 2309 2493 cui

87 2525 482 2597 archiepiscopi
531 2524 784 2582 Artaldus
849 2524 1132 2581 Remensis
1187 2528 1244 2581 et
1295 2524 1566 2581 Teudolus
1619 2525 1945 2583 Turonensis
2008 2525 2307 2598 praefuere.

88 2616 227 2681 Quid
255 2619 430 2671 actum
457 2614 544 2684 sit,
571 2613 714 2670 unde
731 2625 990 2685 apparere
1006 2614 1198 2685 possit,
1224 2613 1483 2683 synodum
1513 2617 1618 2669 tam
1636 2613 1816 2670 alieno
1841 2613 1966 2671 loco
1983 2629 2050 2671 ac
2067 2619 2311 2686 tempore

87 2704 453 2763 necessariam
482 2701 672 2771 fuisse,
706 2704 993 2773 ignoratur.

230 2790 317 2847 29.
389 2789 719 2862 floribertus,
759 2791 867 2847 etsi
906 2802 1142 2861 pressus,
1185 2793 1363 2846 tamen
1403 2788 1666 2848 interdum
1690 2790 1932 2846 variante
1972 2789 2186 2847 fortuna
2220 2803 2313 2847 re-

89 2879 342 2951 spirabat.
401 2879 565 2937 Filias
594 2877 711 2935 Odo
738 2892 809 2935 ex
834 2882 1012 2934 castro
1040 2877 1347 2934 Hammensi
1374 2877 1796 2934 suessionenses
1822 2876 2131 2935 infestabat.
2185 2878 2314 2951 Ipse

89 2968 401 3027 Heribertus
444 2981 513 3025 ex
548 2969 828 3037 inopinato
868 2969 1098 3023 castrum
1137 2966 1194 3022 S.
1218 2966 1455 3031 Quintini
1490 2965 1721 3035 adortus,
1759 2980 1867 3023 non
1893 2967 2313 3038 repugnantibus

89 3058 302 3130 incolis,
341 3059 500 3128 capit.
571 3056 909 3114 Praesidiarii
949 3055 1017 3112 ab
1054 3057 1278 3127 limone
1316 3055 1455 3112 duce
1495 3056 1747 3127 impositi,
1787 3055 1925 3111 datis
1963 3058 2315 3113 sacramentis

90 3147 309 3218 (credo,
324 3160 396 3201 ne
414 3144 752 3203 Heribertum
770 3144 1135 3214 offenderent)
1161 3146 1508 3201 dimittuntur.
1571 3146 1722 3216 Engo
1739 3144 2059 3217 indignatus,
2084 3148 2317 3202 castru-

91 3236 200 3293 alia
226 3235 507 3292 obsidione
543 3235 754 3307 recipit,
792 3234 1085 3292 Teduinum
1115 3234 1366 3291 clericum
1389 3233 1626 3290 nobilem
1655 3236 1811 3303 quasi
1836 3232 2162 3305 proditorem
2188 3245 2317 3290 sus-

93 3326 293 3397 pendio
318 3327 499 3380 necm-
555 3323 771 3381 Interea
794 3323 1105 3381 Heribertus
1133 3329 1366 3380 castrum
1392 3324 1448 3380 S.
1467 3322 1800 3394 Theoderici,
1828 3321 2052 3379 absente
2070 3322 2317 3394 walone,

93 3411 428 3470 tradentibus
456 3412 785 3485 custodibus,
807 3416 864 3469 in
891 3416 1216 3485 potestatem
1239 3414 1451 3483 redigit,
1478 3411 1621 3483 quod
1648 3425 1787 3468 anno
1815 3415 2080 3481 sequente
2105 3412 2319 3469 demum

95 3503 259 3571 longa
286 3501 570 3558 obsidione
604 3501 672 3558 ab
700 3502 924 3572 Hugone
961 3507 1239 3574 receptum
1268 3506 1370 3560 est.
1442 3500 1525 3558 lta
1548 3502 1704 3558 vanis
1732 3513 1858 3558 sese
1885 3499 2045 3556 bellis
2071 3498 2319 3558 homines

91 3592 322 3666 inquieti
353 3589 664 3661 fatigabant.

236 3680 325 3736 30.
396 3678 744 3737 Adalwardus
771 3678 1061 3737 Verdensis
1099 3680 1389 3751 episcopus
1416 3677 1673 3735 Kalendis
1699 3675 2015 3735 Novembris
2043 3675 2195 3748 obiit,
2235 3680 2320 3734 vir

93 3781 321 3839 magnae
347 3771 404 3824 in
430 3769 553 3826 aula
579 3770 896 3838 autoritatis,
924 3769 1016 3839 qui
1038 3767 1366 3837 Adaldagum
1392 3771 1760 3840 propinquum,
1787 3769 1848 3822 ut
1873 3765 2160 3821 chronicon
2179 3766 2321 3823 Ver·

94 3859 267 3915 dense
287 3858 489 3929 scribit,
518 3871 642 3915 mox
659 3855 1119 3927 archiepiscopum
1135 3856 1677 3925 flammaburgeusem
1702 3855 1818 3924 regi
1836 3855 2320 3913 commendaverat.

95 3946 378 4004 Successit
405 3948 458 4001 ei
484 3945 814 4015 Amalungus
854 3943 1060 4014 Bilungi
1101 3945 1258 4017 filius,
1296 3944 1596 4015 wigmanni
1624 3949 1680 4000 et
1705 3945 1992 4000 Hermanni
2016 3958 2141 4000 mox
2168 3945 2322 4003 ducis

96 4035 284 4106 stater,
307 4036 403 4106 qui
418 4035 649 4092 vicinum
673 4035 946 4105 regionem
972 4033 1331 4091 haereditario
1341 4036 1468 4102 jure
1486 4030 1757 4090 tenebant.
1808 4031 1998 4106 ltaque
2016 4034 2321 4093 Hermanno

97 4125 154 4181 ln
182 4122 456 4182 tunmnda
478 4120 846 4192 Luneburglca
871 4121 926 4179 S.
945 4120 1225 4181 flichaelis
1252 4121 1470 4179 abbatia
1497 4120 1696 4180 nunilo
1721 4122 1837 4178 luit.

761 4319 988 4388 ANNO
1034 4319 1354 4387 CHRISTI
1406 4313 1631 4392 934·

95 4443 347 4490 Alba-icus
364 4442 448 4488 sub
467 4441 647 4486 nomine
666 4441 824 4488 fratris
842 4443 967 4499 capti
983 4439 1152 4489 Romae
1170 4443 1309 4488 etiam
1327 4453 1405 4487 res
1424 4444 1764 4489 ecclesiasticas
1782 4443 1989 4498 regebat.
2016 4462 2068 4474 --
2104 4439 2324 4486 Δηιὶὴο

178 4515 278 4559 dux
303 4511 530 4559 navariae
550 4511 732 4557 Italiam
757 4515 920 4562 tcutat.
967 4513 1216 4560 uther-m
1230 4513 1445 4561 Veronae
1470 4514 1716 4571 episcopus
1742 4515 1787 4560 ei
1813 4511 1987 4561 tavisu
2012 4515 2251 4560 accusatus
2278 4515 2325 4556 et
