2817 4959
657 225 1190 296 ANNALES
1260 227 1720 295 IMPERII
2160 231 2279 298 401

10 404 320 465 nudatum
354 403 587 460 hostium
621 401 764 460 latus
794 404 1028 474 equitum
1051 402 1341 474 procellam
1369 405 1630 459 immittat.
1699 403 1853 459 Paret
1888 402 1999 477 ille,
2036 407 2090 460 et
2118 418 2279 475 prae-
2311 399 2371 468 Δ.
2396 399 2536 469 930.

10 494 263 550 τὀοῑωιι
321 495 529 548 turmae
575 505 695 547 cum
734 493 1116 563 quinquaginta
1171 490 1440 561 equitibus
1489 491 1717 546 hastatis
1766 492 1942 560 gravis
1988 496 2286 552 armaturae

10 581 298 638 nostium
337 579 552 637 ordines
580 579 797 635 turbare
829 578 1001 650 jubet.
1073 579 1201 636 lnde
1229 581 1437 635 initium
1465 578 1644 663 fugae,
1680 593 1784 636 nec
1812 579 2007 637 deinde
2042 585 2155 638 tota
2196 582 2286 637 die

10 671 135 726 nisi
181 667 417 725 caedes.
485 667 633 723 Slavi
658 667 726 723 ad
754 669 980 723 vicinam
1018 667 1203 725 urbem
1231 682 1292 724 se
1321 670 1565 738 recipere
1590 666 1960 740 moliebantur,
2001 669 2097 726 sed
2124 670 2191 725 ab
2222 683 2286 725 ea

10 761 202 827 ›arte
235 755 422 825 iugam
448 755 822 812 intercluserat
851 760 1120 827 equitatus
1151 754 1453 812 Thiatmari.
1540 756 1622 811 Ita
1668 754 1911 827 plerique
1952 758 2007 813 in
2036 758 2284 828 paludem

10 845 308 917 >ropulsi
347 846 520 915 aquis,
563 844 762 901 caeteri
805 843 983 913 gladio
1027 846 1256 915 periere.
1347 843 1563 900 Pedites
1606 858 1794 901 omnes
1838 846 2100 902 consumti
2142 850 2281 916 sunt,

10 936 302 1006 equitum
340 933 652 1003 paucissimi
690 931 942 1000 effugere.
1013 932 1208 1000 Ingens
1250 946 1319 988 ea
1357 935 1568 1000 strages
1611 930 1726 1004 fuit,
1770 938 1826 988 et
1866 948 1899 989 a
1936 932 2281 1005 scriptoribus

10 1022 259 1081 rostris
303 1021 442 1078 ultra
481 1020 638 1077 fidem
681 1024 916 1093 augetur,
961 1034 1185 1091 quorum
1220 1022 1545 1089 jactationes
1582 1021 1897 1077 immodicas
1927 1020 2284 1079 transcribere

10 1110 206 1169 uolo.
285 1108 574 1178 Pugnatum
604 1114 687 1165 est
713 1109 881 1165 Nonis
910 1107 1258 1182 Septembris,
1286 1113 1346 1165 ut
1370 1108 1637 1164 Ditmarus
1662 1107 1839 1166 habet.

192 1198 286 1253 12.
361 1196 579 1254 Postera
608 1197 696 1253 die
725 1199 992 1254 exercitus
1020 1200 1209 1253 iterum
1238 1194 1357 1252 urbi
1384 1197 1711 1267 admovetur,
1754 1196 1970 1255 obsessi
1990 1210 2055 1274 re
2083 1197 2281 1270 despe-

10 1291 154 1347 rata
211 1283 445 1340 salutem
488 1285 847 1341 tantummodo
887 1287 1035 1356 pacti
1074 1297 1200 1341 sese
1237 1283 1460 1358 dedunt,
1499 1288 1841 1354 inermesque
1876 1302 1997 1343 cum
2023 1286 2281 1345 uxoribus

10 1381 78 1435 et
123 1374 343 1430 liberis
384 1372 516 1428 urbe
561 1375 784 1444 egressi,
830 1373 887 1428 in
929 1373 1291 1444 captivitatem
1334 1373 1681 1430 abducuntur.
1754 1371 1909 1430 Parta
1957 1379 2048 1431 est
2085 1375 2284 1447 praeda

10 1471 268 1536 ingens,
313 1462 370 1517 in
410 1475 516 1531 qua
557 1465 613 1518 et
654 1460 901 1530 supellex
940 1464 1085 1531 regis
1123 1461 1469 1517 barbarorum
1507 1464 1730 1518 inventa
1764 1467 1865 1519 est.
1937 1461 2103 1520 Porro
2132 1466 2288 1535 pauci

10 1570 132 1627 pro
167 1554 334 1608 tanta
359 1549 585 1605 victoria
614 1561 678 1605 ex
707 1548 1009 1604 saxonibus
1040 1551 1306 1623 cecidere,
1346 1552 1402 1606 iu
1438 1550 1632 1621 quibus
1661 1550 1813 1608 fuere
1840 1550 2049 1622 aliquot
2073 1551 2285 1608 nobiles

10 1646 156 1714 riri,
196 1638 306 1696 sed
326 1637 430 1694 soli
452 1637 785 1693 nominantur
803 1635 1059 1694 Liutharii
1086 1639 1206 1709 duo,
1236 1652 1370 1709 quos
1400 1637 1586 1694 ambos
1614 1638 1882 1696 Ditmarus
1908 1643 2198 1712 episcopus
2227 1646 2283 1697 et

10 1730 346 1790 historicus
373 1738 603 1796 proavos
640 1738 768 1781 suos
795 1726 1048 1797 appellat,
1090 1726 1233 1797 quod
1261 1741 1330 1782 ex
1355 1725 1661 1795 meibomio,
1701 1725 1839 1781 haec
1867 1726 2099 1783 solerter
2123 1727 2283 1784 inda-

10 1825 230 1894 gante,
262 1814 538 1872 declarare
565 1826 764 1883 operae
793 1816 1019 1885 pretium
1040 1815 1156 1869 erit.
1218 1812 1491 1870 'fabellam
1520 1813 1616 1869 ille
1638 1816 1695 1870 in
1716 1816 1829 1869 suis
1848 1815 1916 1870 ad
1933 1816 2279 1872 witikindum

10 1909 194 1969 notis
215 1903 458 1973 exhibet,
471 1915 610 1973 quae
629 1900 860 1957 familias
881 1904 1129 1960 comitum
1138 1901 1606 1960 walbeccensium
1624 1915 1689 1958 ac
1702 1901 2044 1959 Stadensium
2064 1905 2281 1972 egregie

10 1996 306 2058 illustrat.
379 1991 511 2047 Eam
550 1989 955 2062 probationibus
984 1992 1208 2048 munivit
1235 1989 1502 2063 Maderus,
1540 2004 1643 2048 nos
1671 2004 1884 2060 quoque
1910 1990 2152 2050 nonnihil
2180 1991 2278 2047 ad-

10 2088 296 2158 jecimus.
373 2082 447 2136 lta
476 2077 600 2135 talis
630 2079 831 2149 prodit:

111 4495 886 4555 auxantsmrtanrox.ii.
1764 4495 1846 4559 2ss
