2817 4959
584 297 1124 368 ANNALES
1197 299 1659 369 IMPERII
2109 307 2240 376 5⁷⁷

39 468 331 542 ibiturum,
372 472 464 540 qul
495 470 755 530 bonorem
792 472 1012 544 puellae
1040 486 1199 531 mauu
1234 478 1580 548 asseruisset,
1621 476 1869 548 prosiluit
1905 478 1964 534 in
2001 480 2234 539 medium
2259 480 2483 554 &95⁰-

39 560 301 616 ircardus
331 571 533 631 comcs,
560 574 718 636 quem
744 563 1014 633 appendix
1039 563 1330 633 Reginom's
1357 564 1625 621 saxonem
1663 570 1839 640 vocat,
1881 571 1938 624 et
1964 567 2242 627 cunonem

39 649 280 704 entitum
327 647 474 704 dixit.
549 648 856 720 congressu
895 650 1057 724 lacto,
1103 651 1388 710 succubuit
1427 651 1594 723 Cuno,
1636 656 1692 710 et
1732 654 1798 710 ad
1840 653 2243 715 contessionem

39 737 271 793 andacii
297 735 520 792 adactus
548 740 651 793 est.
720 737 1086 796 Eberhardum
1113 743 1232 810 ejus
1264 746 1469 813 patrem
1495 756 1617 798 eum
1644 755 1789 814 esse,
1815 744 2111 803 verisimile
2138 746 2240 819 est,

39 837 155 881 iem
204 824 467 881 hactenus
512 824 701 882 ducem
744 828 1154 901 nominavimus,
1200 828 1419 887 fratrom
1463 829 1694 886 conradi
1736 833 1917 900 regis:
1963 834 2070 889 etsi
2097 835 2241 890 enim

39 917 344 970 »ntiuuatcr
368 917 570 970 tantum
599 916 850 970 comitem
877 914 1132 988 appellet,
1160 919 1497 974 meminimus
1527 923 1721 991 tamen,
1750 921 1912 976 etiam
1947 934 1998 977 a.
2026 921 2088 976 Β.
2117 920 2239 979 931.

39 1003 231 1059 rudem
262 1004 477 1059 nonnisi
506 1004 755 1059 comitem
782 1002 852 1060 ab
881 1003 1075 1060 eodem
1101 1008 1366 1075 scriptore
1393 1007 1611 1079 dictum,
1638 1022 1940 1078 quanquam
1966 1007 2098 1064 usn.
2118 1008 2244 1067 937.

38 1105 190 1148 icem
218 1091 543 1149 Francorum
566 1094 789 1163 vocarit,
831 1092 974 1163 quod
1010 1091 1221 1149 etfacit
1248 1092 1537 1165 Ditmarus,
1571 1100 1631 1153 ut
1657 1110 1691 1152 a
1718 1110 1806 1154 me
1831 1098 2111 1155 restitutus
2138 1100 2240 1156 est.

39 1181 101 1237 ed
134 1182 364 1251 scimus,
390 1182 449 1236 in
474 1179 558 1235 bis
589 1193 656 1236 eo
685 1181 1001 1251 praesertim
1029 1183 1272 1253 tempore
1298 1184 1577 1240 variatum.

132 1269 191 1327 3.
268 1268 387 1325 Rex
409 1270 468 1324 in
494 1268 793 1325 saxoniam
833 1281 1101 1341 reversus,
1139 1269 1223 1326 12.
1265 1270 1380 1327 Kal.
1422 1271 1551 1341 blasi
1591 1271 2067 1343 Quidelingeburgi
2106 1274 2242 1330 Tra-

40 1358 233 1415 ctensi
261 1359 523 1429 episcopo
551 1357 716 1413 donat
740 1360 1121 1414 monasterium
1148 1360 1206 1414 in
1233 1356 1356 1414 loco
1375 1358 1528 1416 Tiela
1555 1364 1933 1433 constructum,
1965 1377 2084 1418 cum
2101 1377 2243 1421 nova
2311 1416 2312 1419 ,

39 1464 45 1499 ;
70 1446 303 1516 lapidea
330 1448 563 1519 civitate,
591 1446 1225 1518 omnibusque-ecclesiis
1246 1445 1474 1519 otiosis,
1503 1462 1635 1518 quas
1657 1444 1976 1519 waldgerris
2013 1455 2070 1506 et
2097 1449 2244 1509 lilius

40 1549 109 1590 us
155 1533 436 1606 Radbodo‚
477 1536 637 1591 Hatto
676 1537 806 1591 item
846 1538 905 1591 et
936 1549 1127 1593 eorum
1165 1540 1544 1593 antecessores
1579 1537 1636 1593 in
1670 1537 1816 1594 idem
1853 1541 2245 1598 monasterium

39 1622 359 1693 intulerant,
404 1638 456 1677 a.
488 1624 543 1679 d.
571 1627 677 1680 ὑισ.
704 1625 831 1690 950,
871 1625 993 1680 ind.
1014 1626 1063 1696 7,
1105 1638 1254 1681 anno
1291 1626 1450 1694 requi
1489 1626 1574 1679 15.
1659 1623 1740 1679 Ex
1776 1624 1862 1683 bis
1904 1625 2074 1684 tribus
2115 1630 2243 1689 anni

39 1713 135 1770 otis
163 1711 321 1769 nulla
346 1709 446 1766 ulli
474 1714 807 1769 caeterarum
830 1714 1142 1783 respondet.
1215 1712 1361 1769 Ecce
1387 1712 1637 1770 schema:

323 1799 436 1855 Kal.
459 1799 604 1870 Maii.
710 1802 848 1859 Anu.
872 1802 1101 1858 Domini.
1173 1801 1363 1857 Iudict.
1453 1800 1589 1857 Ann.
1617 1805 1784 1871 regni.

849 1891 961 1947 950
1240 1891 1279 1946 s
1564 1892 1632 1946 14

852 1978 959 2035 949
1243 1983 1277 2033 r
1335 2051 1338 2054 ἢ
1563 1981 1630 2036 13

853 2069 955 2126 951
1240 2069 1279 2126 s
1562 2070 1631 2124 15

60 2157 296 2216 scilicet
338 2156 672 2229 observetur,
712 2170 911 2214 aunum
950 2158 1101 2229 regni
1143 2170 1254 2215 non
1298 2157 1425 2217 ante
1470 2170 1712 2216 mensem
1745 2157 1943 2216 Julium
1986 2159 2243 2218 inchoari.

39 2263 161 2305 οπο
202 2259 380 2303 rerum
407 2250 679 2316 gestarum
706 2247 880 2303 series
906 2260 1013 2304 nec
1036 2260 1234 2304 annum
1267 2246 1372 2303 945
1391 2246 1430 2285 0
1464 2251 1680 2320 patitur,
1726 2263 1833 2320 quo
1852 2247 2092 2319 Aprilem
2113 2248 2242 2307 Otto

39 2368 44 2392 i
76 2336 441 2406 expeditione
483 2339 668 2392 contra
694 2336 876 2392 Danos
918 2338 1228 2407 consumsit,
1267 2350 1373 2394 nec
1411 2350 1606 2394 annum
1633 2336 1756 2409 9⁵1,
1784 2352 1892 2408 quo
1918 2350 2016 2393 rex
2041 2336 2245 2408 pascha
2337 2364 2342 2372 ·

39 2423 425 2481 [Lotbariansi
450 2437 617 2493 reguo
646 2426 772 2496 egit,
811 2424 996 2496 ibique
1021 2423 1330 2496 aliquandiu
1355 2429 1595 2483 moratus
1623 2428 1724 2485 est.
1796 2425 2058 2497 Superest
2094 2439 2245 2496 ergo,

39 2518 228 2570 imo
258 2511 470 2567 Domini
498 2516 719 2584 stemus,
759 2517 816 2569 et
840 2527 955 2570 rem
981 2528 1126 2569 nunc
1150 2518 1359 2582 gestam
1386 2516 1698 2587 statuamus,
1737 2515 1846 2571 nisi
1881 2528 2071 2570 omues
2099 2517 2245 2571 ten·

39 2605 143 2658 iris
172 2603 337 2656 notas
363 2599 603 2670 abiicere
627 2601 874 2658 velimus.
946 2601 1232 2657 Caeterum
1259 2599 1353 2656 ubi
1380 2602 1585 2658 nullum
1612 2605 1667 2657 in
1707 2601 1869 2658 rebus
1905 2600 2246 2657 obstaculum

39 2697 90 2763 tt,
123 2689 433 2759 saltemque
452 2688 614 2745 binae
630 2690 771 2746 inter
788 2703 852 2745 se
870 2691 1215 2745 consentiunt
1230 2692 1407 2761 notae,
1440 2703 1534 2746 eas
1554 2688 1830 2760 praeferre
1858 2688 2029 2744 soleo.
2094 2689 2246 2746 Hanc

39 2776 343 2852 imputandi
370 2776 676 2835 methodum
703 2779 761 2834 in
795 2777 1075 2848 specimen
1100 2778 1337 2846 adjicere
1362 2792 1396 2835 e
1423 2790 1484 2836 re
1510 2778 1628 2847 fuit,
1644 2779 1751 2833 etsi
1776 2790 1866 2833 res
1894 2790 1992 2849 per
2019 2789 2081 2833 se
2106 2776 2246 2833 tanti

39 2884 98 2925 in
118 2869 217 2924 sit.
270 2864 491 2923 Lineam
510 2865 800 2934 waldgarii
821 2867 1122 2936 extinctam,
1151 2879 1291 2937 quae
1311 2866 1378 2921 de
1398 2865 1603 2922 familia
1619 2867 1907 2937 primorum
1925 2864 2248 2923 Hollandiae

39 2959 259 3014 »mitum
284 2968 463 3011 ramus
491 2952 608 3025 fuit,
632 2956 743 3022 jam
770 2955 1019 3025 superius
1049 2954 1319 3024 attigimus
1347 2953 1416 3010 ad
1445 2968 1491 3010 a.
1520 2953 1582 3009 D.
1612 2953 1736 3009 944.

136 3047 199 3101 4.
271 3042 385 3099 Rex
411 3044 468 3099 in
493 3041 778 3098 Saxoniam
807 3056 1058 3098 reversus
1096 3048 1153 3100 et
1180 3042 1382 3099 bellum
1408 3045 1466 3097 in
1493 3040 1759 3097 Bobemos
1802 3053 2017 3113 parans,
2046 3042 2148 3097 sub
2176 3054 2244 3099 se

39 3136 302 3204 rincipem
340 3131 563 3187 militiae
604 3132 882 3186 constituit
922 3131 1313 3201 nortmannum,
1355 3145 1515 3200 quem
1554 3132 1748 3200 postea
1787 3129 2000 3186 taudem
2043 3132 2249 3188 creavit

39 3236 274 3279 axonum
314 3219 521 3277 ducem.
594 3218 648 3274 Is
690 3220 775 3275 est
815 3223 969 3275 autor
1009 3219 1280 3275 secundae
1322 3220 1505 3291 stirpis
1543 3218 1736 3274 ducum
1776 3216 2063 3290 saxoniae,
2104 3232 2245 3291 quae

39 3313 161 3381 algo
210 3308 507 3377 Billingana
551 3305 869 3378 appellatur.
959 3306 1281 3364 witikindus
1327 3309 1499 3363 virum
1542 3306 1783 3363 nobilem
1829 3310 1887 3363 et
1928 3307 2246 3363 industrium

39 3402 178 3470 icat,
222 3386 555 3468 posteriores
601 3395 813 3463 Bilungi
851 3397 1062 3452 comitis
1109 3394 1273 3451 filium
1315 3395 1536 3466 faciunt,
1576 3394 1903 3452 witikindus
1942 3396 2247 3467 wigmanni

39 3486 363 3545 otentissimi
404 3485 618 3542 comitis
656 3486 882 3555 regique
922 3485 1219 3555 propinqua
1254 3481 1518 3540 affinitate
1551 3485 1727 3552 juncti
1771 3483 2007 3540 fratrem.
2081 3482 2245 3539 Porro

39 3578 142 3633 iem
172 3577 450 3644 memorat,
478 3575 678 3630 tantam
696 3574 1002 3629 florimanni
1030 3574 1369 3629 autoritatem
1392 3576 1447 3629 et
1465 3574 1691 3642 gratiam
1718 3572 1860 3644 apud
1900 3574 2084 3640 regem
2111 3584 2247 3627 cae-

39 3677 240 3722 erorum
268 3663 564 3734 principum
591 3663 844 3719 invidiam
870 3663 1160 3733 excitasse,
1187 3663 1468 3734 ipsiusque
1494 3660 1796 3730 wigmanni
1829 3658 2025 3731 fratris,
2061 3660 2154 3728 qui
2180 3672 2248 3716 se

39 3753 255 3810 'ustulata
293 3750 598 3808 infirmitate
638 3751 970 3825 expeditioni
1011 3749 1371 3825 subtraxerit.¹
1425 3750 1575 3816 Quae
1604 3752 1654 3805 si
1678 3762 1806 3806 vera
1847 3748 1989 3818 sunt,
2029 3752 2248 3819 oportet

39 3842 263 3899 istorum
280 3839 625 3897 Fuldensium
642 3839 838 3912 locum,
864 3839 958 3895 ubi
984 3853 1129 3895 mors
1149 3839 1450 3907 wigmanni
1475 3840 1684 3895 comitis
1711 3848 1883 3907 nuper
1909 3837 1990 3907 (a.
2010 3836 2070 3890 D.
2090 3835 2247 3906 944.)

39 3930 299 3989 remorata
322 3932 421 4000 est,
450 3927 519 3985 ad
544 3927 705 3985 alium
723 3928 1094 3999 wigmannum
1120 3931 1411 4000 pertinere,
1439 3926 1582 3999 quod
1613 3929 1792 3982 tamen
1817 3938 1980 3994 aegre
2007 3925 2246 3982 admitto.

45 4026 308 4088 tremor,
346 4031 417 4074 ne
446 4017 768 4075 witikindus
802 4017 989 4089 lapsus
1017 4018 1104 4089 sit,
1143 4028 1267 4074 nam
1294 4020 1350 4074 et
1374 4019 1434 4073 in
1461 4019 1677 4072 caetero
1703 4014 1964 4071 historiae
1990 4017 2248 4073 contextu

39 4107 294 4167 mnileste
333 4108 491 4176 errat,
534 4108 653 4162 cum
695 4104 762 4163 ab
802 4106 907 4164 bac
946 4105 1153 4163 offensa
1189 4106 1346 4162 ducat
1372 4103 1728 4161 rebellionem
1754 4103 2056 4174 wigmanni
2084 4116 2247 4173 supra

39 4198 371 4265 temeratam,
413 4200 665 4265 tanquam
702 4193 883 4265 aliqua
921 4198 1067 4264 regis
1110 4193 1381 4266 expeditio
1409 4194 1468 4249 in
1493 4190 1759 4249 Bobemos
1788 4192 2063 4250 Tancmari
2091 4191 2248 4261 wig-

39 4287 298 4356 nannique
331 4282 514 4341 turbas
540 4286 964 4355 praecessisset3
1009 4284 1110 4342 sed
1136 4297 1171 4340 a
1195 4282 1353 4339 nobis
1383 4282 1516 4338 satis
1544 4284 1824 4340 ostensum
1851 4284 1951 4353 est,
1994 4278 2245 4336 ottonem

39 4391 185 4435 ›sum
213 4374 338 4430 ante
364 4377 706 4445 praesentem
732 4371 874 4429 bunc
901 4387 1095 4430 annum
1121 4374 1178 4428 iu
1199 4369 1468 4429 Bebemos
1494 4385 1605 4431 non
1630 4371 1879 4437 duxiss03
1907 4382 2084 4439 neque
2113 4366 2247 4423 bac-

169 4478 227 4535 ·>
265 4479 361 4533 lm
384 4479 484 4525 949.

83 4579 355 4622 annuns
379 4577 767 4614 rnrnrrrcn.
793 4568 855 4615 11.
1739 4568 1821 4633 37
