2817 4959
630 291 762 359 618
1216 287 1751 357 ANNALES
1823 285 2276 355 IMPERII

382 467 601 540 ΛΑΜ,
625 466 731 524 etsi
758 478 820 521 se
844 463 1150 521 inconsulto
1178 463 1352 520 datam
1380 478 1414 519 a
1441 462 1686 520 Conrado
1714 461 1870 519 tidem
1895 462 2105 519 violare
2132 463 2374 519 sustinuit
2431 463 2485 518 At
2510 461 2659 528 Ledeia

623 555 854 612 ilenrico
883 558 1069 624 patruo
1107 553 1367 625 infensus,
1398 567 1556 623 quem
1582 566 1751 623 nuper
1778 553 2064 609 adversum
2092 554 2334 621 senserat,
2357 550 2457 605 huic
2475 552 2543 605 uui
2561 565 2661 605 m

622 643 933 716 imputabat,
963 641 1119 712 hujus
1149 641 1492 714 cupiditatem
1520 641 1824 713 accusabat,
1853 644 1945 713 qui
1972 640 2166 698 Italiae
2190 639 2406 696 inhiaret.
2457 637 2690 710 Εκίιᾱεῑω-1

624 732 802 789 dolius
829 734 888 788 et
913 729 1189 788 Conradus
1218 730 1445 787 consilia
1472 733 1861 787 communicare
1888 743 2124 802 coepere
2150 733 2205 785 et
2230 732 2283 785 in
2307 728 2516 783 dominun
2536 731 2575 781 et
2591 726 2667 780 lla-

622 824 792 877 ricum
832 818 1103 876 machinas
1144 833 1348 891 parare,
1383 819 1653 875 Friderico
1695 822 1858 876 etiam
1892 819 2206 890 moguntino
2230 819 2285 874 in
2307 818 2551 872 societatem
2567 817 2668 882 ascita

623 911 846 981 quitum
873 910 1098 979 primum
1118 907 1360 965 Conrado
1385 907 1704 964 conciliatus
1732 913 1847 975 est;
1876 910 2036 965 antea
2054 910 2195 962 enim
2213 905 2473 962 inimicitias
2485 914 2670 966 exercunt⁴

620 1003 682 1055 ut
707 1001 859 1054 notat
887 999 1219 1055 continuator
1240 996 1551 1067 Reginonis.
1615 995 1794 1053 Rebus
1824 1012 1941 1053 cum
1966 996 2283 1067 Berengario
2310 990 2598 1063 conponendis
2613 989 2670 1043 dis

622 1087 816 1144 dicitnr
855 1086 995 1157 apud
1022 1088 1329 1158 Augustam,
1368 1086 1464 1143 ubi
1507 1087 1669 1143 etiam
1707 1086 1896 1142 Italiae
1934 1098 2193 1156 proceres
2219 1083 2395 1138 adesse
2411 1084 2587 1151 posent,
2610 1091 2672 1130 ιιι

622 1191 809 1233 eorum
835 1175 1141 1231 voluntates
1168 1176 1440 1245 cognosci,
1481 1173 1607 1230 Otto
1636 1188 1865 1244 aequum
1895 1172 2188 1244 judicabat.
2258 1170 2541 1236 berengarius
2559 1167 2672 1219 intem

623 1265 768 1321 omni
809 1263 984 1320 studio
1026 1264 1149 1334 egit,
1189 1266 1248 1318 ut
1282 1261 1626 1319 Adelheidem
1652 1263 1906 1335 placaret,
1947 1264 2264 1331 videturque
2289 1258 2408 1313 haud
2429 1252 2673 1312 inexonbssu

619 1353 910 1424 reperisse.
981 1351 1130 1424 Apud
1161 1364 1453 1421 generosas
1486 1354 1690 1407 animas
1724 1356 1896 1423 major
1929 1355 2021 1409 est
2055 1364 2124 1406 ex
2157 1349 2451 1420 poenitentia
2482 1341 2671 1412 supplicat,

620 1454 780 1511 quam
808 1452 875 1496 ex
899 1440 1132 1495 vindicta
1172 1439 1437 1512 voluptas,
1480 1454 1710 1511 eamque
1746 1439 1992 1497 Christus
2035 1438 2239 1508 augelis
2273 1431 2538 1491 coelestibus
2563 1425 2671 1483 tribuit

620 1529 993 1598 Bereugarium
1018 1529 1230 1584 iuterim
1272 1528 1340 1583 ab
1387 1529 1540 1585 Italis
1581 1529 1751 1586 adhuc
1790 1544 1887 1602 pro
1928 1540 2065 1599 rege
2099 1527 2340 1596 habitum,
2372 1519 2619 1585 maelligints
2640 1524 2672 1564 ⁰¹

618 1616 843 1688 quadam
871 1615 1010 1687 apud
1038 1615 1315 1688 Camplum
1340 1616 1538 1689 charta,
1579 1619 1647 1674 ab
1675 1618 1983 1688 Alepraudo
2026 1616 2252 1672 diacono
2286 1615 2338 1668 in
2359 1624 2484 1668 usum
2509 1603 2671 1661 eeclesiae

619 1705 676 1763 S.
701 1704 964 1763 Gariberti
990 1703 1334 1763 Placentinae
1363 1704 1488 1762 data
1513 1706 1824 1778 Berengarii
1849 1709 1904 1763 et
1930 1705 2212 1762 Adelberti
2238 1715 2363 1757 anuo
2387 1694 2577 1762 scendo,
2593 1701 2673 1744 u-

626 1807 689 1851 se
716 1794 903 1867 Aprili,
930 1796 1037 1851 ind.
1072 1796 1156 1851 10.

761 1884 846 1940 11.
919 1882 1192 1940 Gouradus
1218 1883 1285 1940 ab
1315 1884 1438 1940 aula
1464 1884 1767 1956 discedens,
1801 1883 2142 1940 dissimulato
2169 1882 2334 1937 animo
2357 1875 2414 1931 ad
2435 1870 2671 1927 Leonum

616 1975 885 2043 properat.
959 1971 1085 2028 Otto
1126 1988 1245 2029 cum
1272 1972 1496 2041 lingone
1536 1974 1777 2044 principe
1817 1986 1956 2028 anuo
2004 1973 2277 2044 superiore
2301 1955 2669 2023 reconciliabit&

617 2061 802 2130 itaque
830 2059 1105 2117 Conradus
1149 2063 1201 2117 ei
1228 2067 1413 2118 contra
1452 2061 1798 2131 Reginaldum
1825 2063 2082 2117 comitem
2111 2059 2294 2115 adesse
2325 2052 2515 2124 jubetur,
2539 2044 2669 2114 ΡΜ·

617 2147 824 2203 Artaldi
850 2148 1071 2204 vasallis
1097 2149 1395 2205 hiarollium
1438 2150 1506 2205 ad
1533 2149 1826 2206 Matronam
1853 2152 2136 2219 munierat,
2176 2144 2305 2217 quod
2330 2142 2388 2198 ad
2409 2151 2481 2194 res
2501 2126 2668 2190 turbu&

615 2238 885 2305 pertinere
902 2236 1198 2293 videbatur.
1245 2237 1561 2307 oppugnata
1575 2252 1674 2308 per
1691 2237 1961 2293 machinas
1983 2236 2207 2292 munitio
2225 2231 2412 2288 deditur
2427 2223 2665 2284 evertiturqoe

615 2323 865 2380 Vicissim
878 2328 1107 2394 nepotes
1128 2324 1365 2392 Hugonis
1385 2323 1702 2380 Heribertus
1721 2328 1776 2380 et
1794 2324 2064 2382 Robertus
2080 2324 2301 2379 Moutem
2311 2318 2508 2373 Felicem
2517 2303 2664 2364 unffi

616 2409 725 2466 Sed
744 2408 1042 2465 Ludovieus
1065 2423 1160 2465 rex
1178 2409 1456 2478 Baginoldi
1480 2410 1727 2466 damnum
1753 2413 1811 2466 iu
1838 2425 1992 2466 suam
2023 2413 2262 2481 inJurlam
2287 2401 2593 2472 interpretatus,
2608 2387 2666 2482 ΡΨ

616 2498 912 2553 discessum
930 2496 1175 2570 Conradi,
1201 2496 1575 2566 adjuvantibus
1601 2497 1820 2553 Artaldo
1849 2501 1906 2554 et
1928 2498 2238 2569 Ruginaldo,
2263 2490 2511 2550 marollium
2529 2475 2666 2536 mim

614 2590 671 2643 et
689 2585 931 2643 walterii
952 2585 1226 2656 cujusdam
1252 2586 1473 2655 praedia
1499 2587 1691 2654 vastat,
1719 2586 1862 2656 quod
1892 2600 1925 2641 a
1951 2600 2019 2642 se
2048 2588 2116 2642 ad
2135 2582 2438 2640 Heribertum
2460 2563 2666 2628 descivissd

614 2680 672 2732 et
712 2679 945 2731 castrum
985 2689 1137 2731 suum
1180 2675 1542 2730 Victoriacum
1581 2672 1707 2729 huic
1745 2673 2096 2731 subdidisset.
2179 2670 2280 2729 Sed
2316 2682 2416 2724 cum
2448 2657 2667 2751 Victoriam

616 2776 815 2834 capere
851 2778 958 2820 non
997 2766 1236 2836 possent,
1283 2761 1428 2819 aliud
1467 2762 1552 2817 illi
1590 2765 1970 2818 munimentum
2014 2763 2085 2818 de
2124 2763 2294 2817 vicino
2332 2749 2556 2826 opponffl,
2585 2743 2667 2804 ‘¹⁴⁸³

616 2849 923 2908 odalricum
962 2852 1226 2922 quendam
1268 2864 1337 2907 ex
1363 2850 1664 2921 Burgundia
1703 2849 1951 2906 abbatem
1986 2849 2308 2920 praeficiunt,
2342 2831 2667 2905 Pontigoatfflfl

615 2939 789 2996 iiscali
832 2941 1071 3012 praedio,
1126 2939 1267 3011 quod
1310 2940 1621 2997 floribertus
1666 2942 1952 3012 invaserat,
2008 2936 2331 3010 praesidiarii
2370 2934 2466 3000 ejus
2499 2915 2666 2992 Ροιιιιίιι

612 3028 863 3084 Artaldus
882 3029 938 3083 in
956 3031 1281 3085 monasterio
1299 3029 1352 3086 S.
1374 3029 1554 3087 Basoli
1582 3028 1869 3086 monachos
1895 3030 2146 3100 restituit,
2175 3025 2370 3083 clericis
2391 3014 2536 3088 pulsi&
2553 3006 2667 3060 ¹⁰⁶¹*

616 3129 722 3186 que
762 3115 1045 3171 Hincmaro
1086 3119 1142 3172 et
1175 3115 1423 3172 Rotmaro
1467 3116 1746 3173 abbatibus
1790 3118 2086 3174 committit.
2159 3116 2437 3173 Hincmarus
2468 3099 2552 3157 erat
2575 3085 2664 3183 *Ml*

614 3203 950 3274 Remiganus,
978 3202 1257 3260 Rotmarus
1276 3205 1709 3263 Altivillarensis.
1745 3205 1858 3262 Rex
1875 3205 2180 3263 Laudunum
2207 3209 2442 3264 reversus,
2465 3199 2551 3244 ω’
2563 3180 2664 3243 mm

613 3290 809 3348 Remos
837 3293 1002 3346 venit.

753 3378 839 3435 12.
913 3378 1055 3438 Nihil
1083 3380 1226 3436 aliud
1257 3381 1371 3438 fero
1400 3382 1470 3439 de
1496 3382 1654 3439 rebus
1683 3380 1905 3439 sautem
1931 3386 2260 3452 memoratur,
2295 3377 2387 3434 nisi
2408 3363 2517 3439 «1⁰⁰⁶
2535 3354 2662 3448 ΜΨ·

612 3468 883 3525 Britonum
922 3470 1214 3540 principem
1255 3469 1360 3525 hoc
1396 3475 1641 3543 tempore
1683 3473 1972 3527 extinctum
2013 3472 2268 3528 scribitur.
2354 3459 2549 3522 Obii²¹I¹¹⁰
2575 3442 2660 3525 ⁰⁰¹⁸.

610 3558 929 3630 (autoritate
961 3556 1320 3614 Floriaceusis
1362 3559 1633 3628 chronici)
1672 3560 1821 3629 Hugo
1858 3560 2020 3630 Niger
2054 3555 2367 3628 Burgundiae
2401 3548 2494 3612 (1⁸1¹,
2523 3533 2564 3590 ω

610 3646 770 3720 filius,
798 3645 1002 3704 Rudolfi
1031 3648 1174 3716 regis
1202 3646 1381 3719 frater,
1423 3648 1647 3705 collisus
1676 3652 1801 3706 ante
1827 3663 1996 3706 annos
2037 3651 2236 3720 aliquot
2262 3654 2365 3698 cum
2389 3631 2498 3691 Alb⁰
2517 3616 2650 3684 ⁸⁸3⁰*

610 3741 812 3805 nepote
854 3750 921 3792 ex
961 3750 1162 3808 sorore,
1209 3737 1278 3792 ob
1324 3735 1608 3794 fraternam
1648 3736 2049 3810 haereditatem,
2097 3747 2263 3806 eoque
2299 3726 2443 3795 ¹11⁸ssss
2471 3697 2654 3800 ΜΨ

611 3822 1059 3898 Transactionem,
1100 3841 1204 3897 qua
1236 3841 1361 3897 pars
1386 3827 1642 3882 ditionum
1671 3826 1812 3883 Albo
1841 3830 2026 3898 cessit,
2066 3824 2360 3882 confirmans
2383 3823 2459 3866 rex
2479 3789 2657 3887 wopai

609 3911 828 3979 Nigrum
867 3919 1025 3968 vocat
1065 3914 1420 3972 marchionem
1462 3915 1897 3986 illustrissimum,
1940 3916 2123 3971 ducem
2164 3903 2464 3979 Bmgundiw»
2500 3877 2655 3950 ”3⁰⁵⁰

610 3999 919 4072 principem.
992 4000 1268 4060 Successit
1296 4002 1626 4059 Giselbertus
1652 4004 1918 4060 Manassis
1945 4006 2102 4076 iilius,
2142 4013 2287 4074 quem
2313 3969 2658 4067 QUOWffW

609 4103 782 4146 rorem
803 4087 1041 4158 Hugonis
1062 4090 1283 4148 duxisse
1302 4095 1616 4166 suspicatur,
1638 4105 1738 4161 ego
1759 4093 1923 4149 liliam
1941 4094 2144 4157 malim;
2173 4101 2285 4145 nam
2302 4072 2465 4144 alio‘lui
2480 4051 2653 4186 Pflfluff,

610 4179 751 4234 inter
777 4177 910 4233 duos
937 4177 1188 4246 lingones
1218 4181 1593 4251 comprehendi
1622 4180 1912 4239 debuisset.
1986 4179 2275 4238 Giselberto
2300 4180 2403 4226 mox
2424 4165 2512 4214 ⁰⁸¹³
2524 4144 2599 4205 ¹³⁸⁸
2615 4211 2650 4269 d

610 4264 751 4323 Albo
790 4273 950 4323 natae
991 4270 1112 4322 sunt
1151 4267 1293 4341 lites,
1337 4272 1427 4341 qui
1453 4271 1785 4341 Burgundiae
1828 4271 2073 4328 ducatum
2108 4267 2364 4324 affectasse
2385 4243 2548 4304 videtur·
2578 4219 2615 4326 '⁵
2635 4327 2648 4337 ο

613 4355 947 4413 Giselbertus
974 4358 1143 4413 tenuit
1160 4355 1365 4414 locum:
1396 4365 1675 4430 composta
1701 4373 1791 4415 res
1819 4364 1919 4432 est,
1949 4374 2066 4414 cum
2088 4353 2308 4425 lingonis
2325 4342 2439 4399 filius
2454 4315 2623 4386 01106ῑῇο

613 4443 749 4500 berti
777 4444 937 4499 filiam
967 4445 1223 4502 duxisset.
1295 4446 1374 4502 Eo
1403 4449 1740 4504 matrimonio
1770 4452 1911 4506 totus
1941 4444 2258 4518 Burgundiae
2282 4431 2462 4491 ducatus
2481 4411 2528 4470 ad
2545 4401 2646 4464 &W
