2817 4959
629 328 1171 400 ANNALES
1236 335 1693 404 {MPERU
2136 345 2266 409 469

171 507 226 560 5.
303 504 411 561 Sed
440 504 777 563 Everbardus
815 505 953 563 baud
984 508 1163 565 verbis
1199 511 1538 568 movebatur:
1583 513 1732 568 irrita
1755 513 1813 569 in
1838 512 2064 572 Noricos
2093 530 2266 589 expe-
2293 517 2514 589 Α,938,

42 592 184 665 litio,
215 593 539 665 occultaque
576 610 694 651 cum
723 596 1027 653 Giselberto
1067 600 1299 670 ipsoque
1333 599 1540 655 Galliae
1574 615 1703 670 rege
1733 604 1973 677 consilia,
2016 609 2069 661 et
2095 608 2267 679 parti-

43 697 165 753 eps
193 683 525 740 moliminum
543 683 883 753 Hoguutinus
902 686 1108 742 animos
1126 687 1396 744 dederant.
1453 688 1567 746 Nec
1589 690 1884 764 ignorabat,
1913 693 2107 749 multos
2135 708 2271 752 esse

42 786 128 827 >er
153 771 452 845 Manciam,
484 773 577 843 qui
603 772 846 831 Saxones
874 774 1120 831 dominos
1147 775 1571 850 dedignarentur,
1606 781 1660 834 et
1685 783 1793 850 jam
1821 782 2127 839 excutiendi
2149 785 2267 852 jugi

42 874 250 931 empus
277 863 498 919 venisse
523 865 785 932 putarent.
856 862 1166 919 Accedebat
1194 878 1262 919 ex
1287 867 1407 935 ipsa
1436 866 1669 922 saxonia
1703 882 1814 924 non
1839 867 2116 927 Tancniari
2142 873 2267 928 tan-

42 962 159 1019 um,
189 950 292 1006 sed
312 953 370 1005 et
384 950 685 1019 wigmanni
704 952 917 1007 comitis
945 952 1255 1023 indignatio,
1283 955 1382 1009 riri
1404 957 1641 1024 potentis
1667 960 1720 1010 et
1738 955 2038 1017 clarissimo
2067 972 2267 1027 genere

42 1039 162 1107 tati,
190 1039 249 1093 et
276 1039 595 1107 magnanimi
623 1038 861 1110 bellique
887 1041 1054 1110 gnari,
1082 1045 1139 1097 et
1167 1045 1346 1097 tantae
1372 1045 1656 1115 scientiae,
1680 1046 1739 1098 ut
1764 1061 1797 1101 a
1816 1045 2075 1116 subjectis
2103 1051 2266 1118 supra

42 1127 307 1182 tominem
347 1140 544 1197 sapere
583 1128 907 1186 crederetur.
979 1129 1041 1185 Si
1065 1129 1357 1186 witikindo
1390 1132 1675 1204 credimus,
1717 1133 1855 1203 apud
1897 1149 2077 1204 regem
2104 1150 2268 1209 prae-

42 1213 224 1270 *alere
264 1216 486 1272 minoris
527 1216 706 1275 fratris
748 1221 986 1291 gratiam,
1026 1232 1189 1290 aegre
1229 1219 1456 1278 ferebat.
1528 1220 1582 1277 Is
1610 1226 1726 1278 erat
1750 1221 2102 1282 Herimannus
2139 1226 2267 1296 (qui

43 1302 550 1386 {alge-Billingjus),
591 1308 677 1362 cui
704 1321 801 1363 rex
826 1311 1031 1379 partem
1060 1313 1330 1381 copiarum
1359 1309 1688 1379 crediderat;
1730 1310 2071 1386 witikindus,
2111 1314 2266 1387 priu-

43 1393 212 1462 ipen
250 1391 474 1450 militiae
513 1392 712 1452 factum
753 1398 846 1468 ait,
886 1399 1030 1469 quod
1054 1400 1421 1471 wigmannus,
1462 1403 1554 1472 qui
1591 1415 1653 1458 se
1694 1400 1941 1458 omnibus
1968 1401 2130 1460 rebus
2159 1418 2266 1476 po-

43 1481 229 1540 iorom
269 1479 537 1554 credebat,
578 1482 647 1539 ad
685 1477 933 1553 injuriam
974 1501 1132 1545 suam
1164 1491 1439 1561 pertinere
1479 1489 1712 1546 rebatur.
1785 1489 1901 1560 Ego
1944 1505 2152 1563 vereor,
2195 1506 2266 1548 ne

42 1569 196 1626 uliam
223 1569 295 1625 ob
323 1584 553 1642 causam,
588 1575 645 1627 et
675 1570 923 1648 tortasse,
965 1582 1026 1634 ut
1052 1577 1388 1649 TancmaruS,
1432 1579 1502 1633 ob
1532 1577 1795 1635 (ieronem
1823 1580 2135 1652 praelatum,
2177 1580 2269 1636 ot·-

42 1658 226 1716 ‘ensus
264 1672 406 1714 nunc
440 1662 554 1729 regi
595 1660 758 1717 fuerit
793 1663 1158 1736 wigmannus,
1199 1678 1357 1735 quem
1401 1667 1762 1722 insurrexisse
1806 1666 1891 1723 bis
1940 1668 2266 1738 temporibus

42 1748 200 1802 niani
236 1749 569 1805 continuator
607 1749 897 1818 Reginouis
936 1750 1117 1807 babet.
1187 1751 1349 1808 Certe
1390 1755 1457 1822 si,
1496 1755 1618 1825 ipso
1656 1753 1931 1810 referente
1959 1756 2266 1829 witikindo,

42 1837 392 1893 {erimannus
429 1839 489 1895 in
517 1840 859 1909 expeditione
899 1839 1042 1909 regis
1069 1837 1356 1896 Bobemica
1385 1839 1596 1896 demum
1624 1841 1812 1909 copias
1841 1841 2040 1898 ducere
2069 1846 2266 1915 coepit,

42 1939 178 1997 [uae
207 1929 331 1982 ante
357 1941 404 1983 a.
425 1924 488 1981 l).
512 1925 633 1983 950.
662 1925 809 1984 nulla
839 1925 954 1999 tuit,
993 1914 1117 1984 non-
1129 1931 1305 1999 potuit
1330 1931 1455 1986 iude
1484 1943 1647 1985 causa
1675 1927 1921 1999 praeberi
1950 1929 2264 1998 wigmanno

42 2015 338 2071 »raeseutis
365 2017 558 2072 motus.
628 2015 738 2072 Sed
764 2029 867 2072 nec
895 2017 1068 2089 potuit
1110 2015 1201 2072 bic
1226 2018 1474 2073 simulata
1514 2016 1821 2073 infirmitate
1860 2031 1924 2073 se
1952 2016 2266 2076 subtrahere

43 2105 170 2176 egi,
208 2101 472 2162 Bobemos
498 2106 720 2177 petenti,
761 2108 810 2161 si
831 2109 943 2174 jam
970 2104 1104 2161 obiit
1130 2120 1177 2161 a.
1203 2105 1264 2160 D.
1294 2105 1416 2161 944.
1444 2105 1675 2162 testibus
1702 2105 2060 2164 Fuldeusibus
2088 2107 2262 2165 fastis.

42 2192 358 2250 witikindus
386 2192 545 2261 igitur
568 2199 827 2266 tempora,
856 2207 1065 2265 causas,
1097 2198 1321 2252 eventus
1351 2194 1605 2252 confudit.

175 2281 228 2336 o.
298 2280 412 2337 Hac
449 2294 632 2339 rerunt
667 2280 808 2339 facie
847 2281 1141 2340 Eberhardi
1177 2283 1404 2339 audacia
1439 2299 1562 2340 mox
1589 2284 1782 2354 erupit.
1853 2285 2041 2356 ltaque
2086 2285 2265 2342 soluto

42 2375 303 2429 zonventu
330 2369 532 2443 populi,
560 2386 666 2443 qno
693 2376 862 2441 magis
890 2373 1167 2443 sprevisse
1192 2373 1477 2445 videretur,
1506 2374 1561 2429 iu
1588 2373 1782 2429 iisdem
1808 2376 1945 2431 locis
1976 2377 2266 2446 consurgit,

42 2459 376 2531 maurique
429 2459 622 2516 valida·
652 2475 808 2516 manu
855 2461 922 2516 de
968 2465 1259 2532 improviso
1304 2464 1653 2519 munitionem
1695 2464 2017 2534 aggreditur,
2060 2464 2116 2519 in
2161 2479 2265 2534 qua

42 2549 314 2620 lenticas,
356 2562 514 2619 quem
555 2548 662 2604 sibi
700 2548 912 2605 bostem
959 2551 1272 2622 destinarat,
1315 2550 1454 2607 forte
1497 2551 1823 2607 morabatur.
1891 2549 2266 2608 continuatori

42 2637 324 2706 leginoais
363 2639 420 2693 et
447 2636 736 2694 witikindo
779 2637 1084 2708 appellatur
1123 2637 1393 2709 Badelika,
1422 2638 1698 2694 Roswitae
1724 2636 2054 2694 Badulinum.
2123 2639 2267 2694 Mei-

42 2727 264 2795 ›omius,
309 2724 604 2783 westfalus
644 2726 766 2795 ipse
807 2728 926 2781 ortu
969 2731 1024 2782 et
1063 2725 1302 2782 locorum
1342 2739 1554 2798 μεως,
1598 2729 1751 2796 putat
1787 2725 2079 2783 Bellickam
2121 2741 2266 2799 esse,

42 2828 175 2888 {uae
203 2813 360 2870 hodie
386 2814 627 2871 noscitur
664 2813 804 2871 iui'ra
843 2813 1134 2887 Rudenam,
1176 2812 1240 2870 ad
1285 2827 1494 2870 amnem
1531 2814 1722 2869 Buram
1750 2816 1806 2869 in
1834 2816 2090 2871 comitatu
2119 2815 2267 2870 blar-

42 2918 169 2962 :ano
199 2901 529 2960 westfaliae.
602 2902 880 2968 Quomodo
916 2902 981 2958 ad
1024 2901 1523 2976 Gandesbemensep
1560 2903 1884 2975 pervenerit,
1927 2903 2166 2958 dicemus
2193 2905 2265 2959 ad

42 3014 71 3050 ι.
103 2991 173 3049 Ι).
200 2991 322 3048 979.
391 2991 459 3047 Et
496 2991 584 3047 bic
626 2991 797 3048 fuisse
836 2992 1059 3063 apparet
1098 2992 1286 3047 curtim
1328 2989 1650 3063 Badelicam‚
1692 3005 1851 3062 quam
1889 2990 2152 3048 ilenricus
2189 2990 2265 3049 11.

43 3096 126 3139 ex
152 3096 186 3135 a
214 3079 772 3137 Gaudesbemensibus
811 3081 1222 3152 permutatione·
1244 3082 1471 3151 accepit,
1511 3077 1843 3136 Dalebeimio
1882 3080 1938 3135 in
1964 3094 2103 3150 pago
2129 3078 2263 3133 Am-

42 3169 207 3227 »raba-
222 3169 358 3240 ipsis
384 3171 624 3224 vicissim
654 3169 794 3225 dato.
860 3167 1122 3240 Oppidum
1150 3167 1311 3225 facile
1340 3170 1552 3239 captum
1582 3171 1682 3240 est,
1710 3168 1910 3239 praeda
1936 3166 2095 3223 militi
2123 3168 2265 3225 data.

42 3256 368 3316 zvarnai-dus
412 3257 714 3315 ilenricum·
738 3260 1026 3328 captivum·
1046 3256 1157 3314 sibi
1191 3258 1366 3328 sumit,
1409 3259 1466 3312 et
1493 3259 1648 3327 quasi
1676 3255 1782 3313 vile
1812 3258 2133 3328 mancipium
2161 3254 2264 3312 ab-

42 3350 191 3405 lucit.
235 3345 411 3418 Atque
437 3345 541 3403 buc
568 3347 839 3419 pertinere
862 3345 1139 3403 Roswitae
1161 3347 1533 3418 narrationem,
1561 3344 1805 3401 arbitror.
1864 3346 1956 3402 Ait
1987 3346 2097 3416 illa,
2128 3360 2265 3402 con-

42 3440 240 3493 suisse
275 3437 417 3491 inter
454 3451 515 3494 se
543 3436 762 3492 Henrici
788 3434 1187 3507 Everhardiqne
1222 3432 1476 3507 vasalloS,
1518 3437 1625 3507 qui,
1665 3435 1854 3505 iuquit,
1894 3435 1984 3491 vel
2016 3433 2140 3488 kuic
2178 3435 2269 3488 vet

42 3528 108 3581 un·
142 3527 245 3593 Jus
284 3526 639 3597 vernulitatis,
685 3526 745 3580 id
778 3529 858 3579 est
893 3526 1130 3594 servicia,
1171 3528 1468 3580 voveram:
1516 3523 1643 3578 iude
1688 3523 1932 3578 dominos
1977 3523 2036 3576 in
2079 3524 2262 3589 partes

44 3619 260 3683 ractos;
300 3611 657 3668 Everltardum
697 3619 874 3668 autem
917 3613 1149 3669 collecto
1188 3611 1358 3667 milite
1399 3610 1681 3668 castellum
1718 3610 2028 3665 Baddlinnm
2060 3621 2128 3663 ex
2154 3610 2262 3663 im-

42 3703 249 3758 ›roviso
287 3703 452 3757 nocte
490 3714 815 3773 aggressum,
864 3700 1079 3757 fratrem
1122 3704 1265 3770 regis
1307 3702 1573 3771 captivum
1611 3700 1845 3768 duxisse,
1892 3696 2098 3767 palmas
2141 3700 2261 3768 ejus

42 3790 360 3863 candidulas,
387 3793 712 3848 ornamentis
739 3792 994 3861 aptiores,
1021 3790 1251 3846 vinculis
1279 3791 1516 3846 cruentis
1545 3788 1949 3844 constrinxisse.
2012 3785 2263 3857 Denique

42 3895 148 3935 >um
175 3880 331 3950 prole
365 3879 523 3934 herili
548 3879 698 3935 velut
724 3893 883 3935 servo
912 3880 1123 3948 egisse;
1169 3879 1251 3933 sic
1288 3879 1431 3935 enim
1467 3876 1768 3947 legendum,
1805 3888 1916 3931 non
1939 3877 2105 3930 socio.
2178 3873 2262 3931 Ex

42 3972 109 4024 tis
139 3967 504 4041 intelligimus,
543 3968 798 4041 oppidum
833 3967 994 4023 simul
1023 3970 1385 4038 oppugnatum
1407 3971 1470 4023 et
1497 3968 1726 4038 captum,
1766 3962 2106 4023 obsidionem
2130 3963 2259 4022 nul—

42 4073 137 4115 anr
164 4056 356 4113 fuisse.

167 4147 221 4201 7.
293 4145 601 4214 contigisse
641 4147 783 4216 tunc,
822 4144 1162 4202 witekindus
1190 4147 1281 4219 ait,
1324 4146 1385 4202 at
1411 4140 1757 4199 Gebebardus
1792 4142 2028 4215 juvenis,
2068 4141 2267 4199 Udone-

42 4238 186 4292 satus
217 4233 523 4292 florimanni
549 4233 918 4292 Auenanniae
956 4234 1109 4292 ducis
1137 4234 1316 4307 fratre,
1344 4247 1377 4290 a
1403 4231 1573 4289 milite
1599 4230 1895 4289 Everbardi
1919 4230 2260 4289 interlicere-
2365 4246 2396 4269 a

42 4341 124 4379 ur.
199 4321 282 4378 lta
320 4322 437 4381 Deo
485 4326 665 4382 omnia
703 4323 984 4384 ordinante
1022 4323 1239 4398 factum,
1276 4324 1336 4379 ut
1358 4321 1682 4381 mancorum
1718 4323 1990 4393 principes
2029 4321 2170 4375 iuter
2194 4332 2260 4375 se

43 4411 426 4470 alliderentur.
509 4413 860 4471 Herimaunus
906 4416 963 4471 et
998 4412 1117 4470 Udo
1164 4411 1440 4484 patrueles
1497 4413 1652 4469 erant
1692 4410 2028 4476 Everbard03
2073 4409 2164 4477 qui
2209 4408 2259 4463 si

42 4503 439 4572 :onimisseat
476 4515 604 4563 sese
644 4516 735 4563 res
773 4517 943 4565 novas
997 4503 1256 4577 molienti,
1309 4501 1544 4577 Francis,
1586 4500 1936 4572 allemannis,
1976 4497 2259 4569 Βῦὲῦᾶΐϋέ,
