2817 4959
786 303 1314 378 ANNALES
1385 307 1848 379 IMPERII
2298 311 2427 380 333

196 497 327 541 enm
365 481 651 541 Heriberto
691 485 888 541 comite
929 490 986 542 et
1024 484 1315 556 liaganone
1355 486 1494 548 clam
1532 486 1786 546 Laudem
1824 499 2095 561 egressus,
2123 499 2252 548 sese
2277 490 2425 548 trans
2452 488 2677 561 mm.

195 574 412 629 Mosam
454 574 674 645 recipit:
718 587 875 645 quem
919 573 1072 644 Hugo
1114 591 1233 631 cum
1275 575 1481 631 duobus
1526 580 1842 634 armatorum
1881 575 2118 634 millibus
2157 592 2330 651 usque
2359 581 2429 637 ad

194 662 412 719 Rosam
440 664 731 729 insecutuS,
777 661 992 718 obvium
1019 660 1202 718 habuit
1231 662 1589 720 Giselbertum
1615 663 2035 738 Lotharieusem,
2077 681 2197 723 cum
2225 682 2330 738 quo
2360 669 2428 726 ad

193 757 410 822 patrem
457 752 751 821 revertitur,
798 750 1013 807 Axonae
1051 753 1166 819 jam
1209 753 1265 806 in
1306 766 1448 822 pago
1492 750 1831 808 Landunensi
1876 755 2219 812 assidentem.
2309 756 2427 821 Quo

195 844 498 912 comperto,
529 837 768 909 carolus,
797 840 986 893 ascitis
1008 838 1321 908 quibasdam
1344 838 1783 897 Lotbariensibus
1803 840 2111 898 Giseiberto
2132 846 2428 918 contrariis,

192 931 255 984 in
277 927 502 985 Galliam
521 928 837 982 transmisso
858 925 1010 982 Mosa
1027 927 1180 1000 redit,
1200 927 1519 984 Remensem
1539 943 1720 997 agrum
1739 930 2034 1003 populatur,
2052 932 2373 990 Altmontem
2388 934 2427 972 ¹*

194 1016 486 1074 castellum
516 1016 678 1085 capit.
732 1014 995 1072 Robertns
1024 1030 1143 1072 cum
1171 1019 1283 1072 suis
1314 1017 1379 1072 ad
1399 1016 1692 1074 Matronam
1711 1020 1951 1089 vertitur,
1970 1022 2208 1076 venienti
2229 1036 2428 1090 genero

192 1120 303 1163 suo
330 1104 561 1160 Rudolfo
592 1103 1022 1173 Burgundionum
1062 1105 1185 1161 duci
1226 1108 1414 1175 copias
1442 1108 1836 1173 conjuncturus.
1904 1105 2125 1164 Carolus
2152 1093 2429 1167 insecutus

193 1197 500 1251 matronam
537 1195 742 1265 transit,
777 1197 832 1248 et
851 1194 1176 1264 sparnacum
1194 1193 1390 1266 diripit.
1466 1194 1731 1252 Robertus
1747 1195 2014 1264 Burgundi
2033 1198 2204 1266 copiis
2224 1201 2430 1271 auctus,

192 1284 516 1339 transmisso
556 1281 718 1353 paulo
762 1281 900 1337 inira
935 1283 1259 1352 sparnacum
1288 1283 1519 1355 flumine,
1562 1282 1732 1339 tribus
1771 1283 1943 1340 leucis
1972 1299 2004 1340 a
2031 1284 2225 1341 Carolo
2254 1290 2430 1343 castra

191 1378 446 1449 metatur.
521 1370 790 1427 Credibile
833 1374 934 1443 est,
975 1372 1262 1427 Heriveum
1292 1377 1345 1426 et
1374 1371 1527 1443 alios,
1570 1371 1886 1429 effosionem
1916 1375 2187 1443 sanguinis
2216 1374 2432 1432 hnmani

193 1463 535 1531 aversantes,
563 1474 595 1515 a
620 1463 674 1514 vi
702 1460 963 1515 abstineri
991 1458 1275 1516 maluisse:
1305 1459 1596 1532 apparebat
1624 1463 1801 1533 etiam,
1831 1462 2076 1520 Gal-olum
2105 1464 2227 1519 sine
2253 1479 2430 1534 pugna

193 1552 402 1606 victum
445 1551 525 1620 iri,
569 1546 876 1603 labantibus
920 1551 1049 1620 suis,
1093 1563 1316 1619 qnorum
1355 1550 1603 1619 plerique
1642 1551 1709 1605 ad
1737 1550 2010 1621 colloquia
2040 1567 2157 1608 cum
2183 1551 2428 1607 hostibus

191 1651 421 1694 venere.
486 1637 567 1693 lta
596 1640 895 1708 septimana
923 1638 1162 1693 sedendo
1192 1641 1470 1693 consumta
1498 1643 1597 1695 est.
1662 1637 1875 1696 Interea
1918 1640 2070 1709 nugo
2099 1640 2428 1711 Burgundus·‚

197 1726 367 1785 frater
395 1725 618 1798 Rudolfi,
648 1742 767 1782 cum
794 1729 949 1782 novis
971 1728 1141 1796 copiis
1160 1728 1384 1799 accedit,
1416 1731 1471 1783 et
1499 1729 1553 1784 in
1582 1728 1842 1785 ducentos
1873 1742 1940 1785 ex
1959 1728 2222 1784 Carolinis
2251 1726 2428 1785 offen-

201 1817 354 1888 dens,
376 1830 445 1873 ex
461 1814 606 1873 villis
627 1815 907 1871 Remensis
929 1815 1196 1871 ecclesiae
1216 1816 1468 1887 praedam
1487 1821 1727 1888 agentes,
1749 1818 1917 1873 tribus
1946 1819 2144 1873 occisis
2183 1821 2428 1875 caeteros

200 1911 406 1976 captos,
449 1903 675 1960 ademtis
718 1905 872 1975 equis
914 1907 1197 1976 armisque,
1241 1919 1359 1960 cum
1394 1905 1663 1961 dedecore
1694 1908 1914 1961 remisit.
1987 1905 2117 1961 Inde
2163 1905 2429 1963 Robertus

196 1993 584 2050 calmiciacum
600 1994 697 2065 ¹¹¹⁸,
726 2008 822 2049 rex
849 2007 1018 2064 prope
1045 1993 1325 2049 Remorum
1355 1993 1540 2050 urbem
1568 1997 1731 2064 venit,
1762 2007 1987 2065 eamque
2014 1996 2133 2065 ipsa
2161 1993 2429 2050 dominica

197 2080 783 2156 pentecostesiirustra
820 2086 1118 2153 oppugnat:
1159 2097 1278 2138 cum
1308 2096 1440 2139 eece
1478 2083 1715 2154 trepidus
1756 2086 1973 2138 nuntius
2015 2083 2246 2154 advenit,
2283 2082 2427 2138 Lau-

197 2174 398 2229 dunum
446 2170 619 2242 (qnod
659 2175 786 2226 tunc
829 2172 1164 2241 potissimum
1200 2173 1580 2227 munimentum
1629 2173 1783 2240 erat)
1827 2187 1860 2227 a
1904 2170 2137 2228 Roberto
2185 2173 2424 2241 captum

199 2261 489 2318 thesauros
532 2260 839 2328 Haganouis
884 2260 938 2313 in
979 2259 1231 2328 praedam
1273 2260 1529 2330 cessisse,
1572 2258 1733 2317 fratre
1771 2264 1891 2330 ejus
1917 2262 1974 2316 in
1999 2259 2213 2317 vincula
2239 2262 2426 2315 misso.

195 2350 280 2406 Ea
307 2363 369 2406 re
397 2350 739 2420 consternat-i,
767 2362 891 2418 pars
920 2347 1343 2404 Lotbariensium
1370 2349 1582 2404 domum
1609 2348 1862 2404 redeunt:
1893 2348 2117 2406 Carolus
2147 2364 2267 2405 cum
2294 2348 2429 2406 reli-

199 2440 324 2511 quis
368 2437 675 2493 handunum
716 2438 1007 2494 contendit.
1079 2437 1342 2494 Robertus
1387 2438 1455 2492 ad
1493 2438 1742 2509 mam,
1794 2436 2018 2493 Carolus
2044 2437 2298 2494 Landnno
2327 2449 2428 2493 ex·-

200 2527 404 2597 clusns,
442 2526 508 2582 ad
538 2526 721 2582 Saram
748 2528 976 2582 tentoria
1005 2524 1145 2582 lixit:
1203 2527 1301 2582 sed
1329 2541 1453 2581 mox
1489 2525 1853 2583 crescentibus
1880 2526 2142 2597 hostibus,
2179 2526 2427 2582 desertus

201 2631 235 2673 a
261 2617 395 2686 suis,
430 2629 558 2670 cum
605 2614 893 2683 Haganone
940 2620 1084 2670 trans
1129 2613 1332 2670 Mosam
1378 2614 1592 2683 refugit.
1680 2614 1866 2669 Franci
1911 2614 2197 2670 liebertum
2242 2626 2426 2682 regem

199 2709 402 2774 croam,
446 2707 502 2759 et
529 2702 709 2759 Remis
737 2704 794 2758 in
822 2702 1060 2759 ecclesia
1094 2702 1149 2758 S.
1179 2703 1402 2770 Remigii
1428 2706 1549 2756 tert.
1578 2701 1691 2756 Kal.
1719 2701 1822 2756 Jul.
1851 2702 1919 2756 de
1946 2714 2094 2756 more
2120 2702 2428 2758 consecrari

201 2797 422 2848 curant:
459 2790 542 2848 Ab
575 2791 805 2847 Heriveo
846 2791 899 2846 id
929 2790 1147 2860 sactum,
1174 2790 1507 2845 &odoardus
1536 2803 1644 2843 uon
1670 2788 1817 2858 dicit,
1854 2794 1913 2843 et
1941 2791 2261 2845 contrarium
2287 2790 2427 2845 insi-

196 2895 402 2939 nuasse
442 2880 614 2936 videri
655 2884 852 2951 potest.
923 2878 1239 2950 Inspiciatur
1280 2882 1458 2933 tamen
1501 2876 1788 2933 chronicon
1830 2876 2117 2933 frodoardi
2143 2876 2426 2951 Remense,

200 2971 581 3042 addanturque,
609 2982 751 3040 quae
779 2966 996 3024 Mabilio
1025 2967 1091 3022 ad
1122 2966 1260 3021 hunc
1288 2981 1482 3022 annum
1509 2967 1730 3022 notavit.

344 3061 428 3115 1⁷.
482 3058 741 3116 Heriveus
770 3055 1102 3125 aegritudine
1127 3067 1438 3125 oppressus,
1466 3056 1624 3111 terlio
1642 3057 1775 3125 post
1803 3058 2111 3112 coronatum
2134 3053 2426 3111 liebertum

199 3150 287 3206 die
336 3149 589 3218 decessit,
631 3150 817 3216 quarto
860 3150 1142 3213 antequam
1171 3144 1487 3199 vicesimum
1527 3144 1819 3199 seeundum
1862 3146 2204 3215 episcopatus
2233 3157 2426 3200 annun

201 3240 462 3308 expleret.
570 3234 841 3292 sufficitur
885 3230 1105 3290 seulfus
1150 3232 1571 3302 archidiaconus,
1618 3233 1698 3288 vir
1741 3246 1847 3287 uon
1892 3232 2157 3306 indoctus,
2202 3232 2426 3301 Remigii

199 3325 686 3383 Autissiodorensis
728 3322 1039 3394 discipulus,
1080 3325 1139 3377 et
1168 3324 1327 3389 jussu
1355 3323 1481 3376 novi
1508 3321 1652 3389 regis
1691 3320 1758 3375 ab
1788 3320 2014 3377 Abbone
2041 3321 2425 3378 suessionensi

199 3415 540 3483 caeterisque
579 3413 888 3483 provinciae
930 3411 1204 3481 episcopis
1244 3408 1532 3466 ordinatur.
1607 3407 1919 3465 Heribertus
1970 3423 2152 3466 comes
2203 3410 2421 3468 deserto

200 3505 409 3573 etipse
454 3501 649 3557 Carolo
689 3503 921 3556 caeteris
963 3514 1027 3556 se
1067 3501 1432 3567 conjunxerat.
1506 3495 1724 3554 Seull‘ns
1753 3496 1820 3552 ab
1847 3497 2064 3554 Herivei
2093 3498 2422 3570 propinquis,

200 3593 394 3648 Odone
413 3590 589 3661 tratre,
611 3590 881 3645 ecclesiae
909 3588 1186 3646 Remensis
1215 3586 1568 3656 vicedomino,
1585 3588 1640 3640 et
1664 3585 1896 3642 lleriveo
1924 3589 2140 3655 nepote,
2169 3585 2273 3640 sibi
2301 3599 2424 3642 me-

197 3687 378 3750 tuens,
398 3678 666 3734 Heriberti
690 3679 1043 3749 patrocinium
1063 3679 1284 3747 quaerit.
1367 3674 1519 3732 Unde
1539 3689 1728 3743 magna
1750 3674 1943 3731 deinde
1966 3673 2219 3731 malornm
2239 3686 2420 3744 seges.

199 3771 436 3825 Accusat
478 3781 576 3823 eos
615 3765 741 3823 fidei
781 3767 1031 3836 violatae,
1075 3771 1131 3820 et
1170 3765 1240 3820 ad
1267 3765 1526 3835 judicium
1554 3762 1886 3822 subeundum
1912 3765 2085 3819 vocat.
2160 3760 2293 3819 Cum
2318 3776 2424 3820 uec

196 3860 408 3928 venire,
459 3870 565 3912 nec
608 3855 864 3924 singulari
909 3856 1201 3911 certamine
1247 3868 1368 3909 cum
1415 3850 1817 3908 accusatoribus
1864 3850 2158 3908 decernere
2201 3851 2420 3923 vellent,

198 3943 613 4003 beneficialibus
634 3946 902 4000 ecclesiae
931 3944 1162 4015 praediis
1192 3947 1479 4006 exuuntur3
1510 3943 1565 3994 et
1593 3938 1659 3996 ab
1679 3938 1959 3996 floriberto
1988 3942 2145 4012 capti,
2173 3953 2422 4011 novoque

198 4037 313 4104 regi
340 4035 573 4102 adducti,
614 4032 732 4088 Odo
760 4032 992 4103 Parisiis,
1033 4030 1298 4088 Herivens
1334 4027 1476 4100 apud
1504 4027 1841 4084 Herlbertum
1879 4031 1936 4085 in
1978 4027 2221 4085 custodia
2249 4043 2421 4100 usque

200 4124 266 4180 ad
289 4123 508 4179 Roberti
539 4125 760 4177 mortem
783 4122 1077 4177 servantur.
1130 4119 1396 4175 Robertus
1416 4121 1621 4174 interea
1640 4116 1919 4186 nugonem
1943 4118 2107 4175 filium
2126 4120 2181 4174 in
2199 4131 2422 4187 reguum

200 4210 554 4267 Leibariense
582 4211 755 4281 mittit,
784 4209 850 4264 ud
883 4210 1320 4279 capraemontem
1358 4205 1649 4262 Giselberti
1676 4201 1955 4264 castellum
1983 4207 2251 4276 tuendum,
2278 4205 2423 4275 quod

201 4300 426 4357 carolus
447 4298 741 4370 premebat.
798 4296 877 4352 lta
905 4296 1184 4353 obsidione
1214 4295 1392 4353 soluta
1416 4294 1586 4366 nugo,
1614 4298 1854 4369 acceptis
1878 4295 2203 4366 quorundam
2219 4292 2422 4351 Lotba·

199 4390 460 4445 riensium
485 4386 780 4459 obsidibus,
810 4387 877 4443 ad
904 4391 1108 4457 patrem
1136 4385 1291 4442 redit.

279 4494 333 4547 ⁸)
362 4496 411 4538 in
437 4496 633 4549 moine
658 4494 857 4540 adun:
897 4492 1150 4547 [Aumoatl.
1253 4492 1333 4548 *ἢ
1362 4490 1575 4545 [Cutil.
