2817 4959
598 279 727 346 622
1173 277 1709 347 ANNALES
1783 279 2244 349 IMPERII

351 450 575 530 Lm
603 454 834 512 aemtio
859 457 1124 523 superest,
1165 457 1222 510 et
1251 452 1576 524 quarundam
1601 467 1699 524 per
1723 455 1994 511 Austriam
2034 455 2375 514 ecclesiarum
2396 471 2510 515 cura.
2559 458 2658 517 laui-
2691 455 2692 458 ’

593 558 744 600 acum
770 542 933 601 bodie
958 542 1183 609 exiguus
1211 547 1296 599 est
1322 545 1474 599 vicus
1500 542 1672 599 leucis
1701 543 1907 614 aliquot
1930 543 2076 601 infra
2109 545 2354 619 Idnzium,
2378 547 2492 617 quod
2510 555 2660 602 amnes

593 633 882 704 superioris
929 631 1180 687 Austriae
1222 634 1400 703 caput.
1471 630 1754 688 Praesules
1802 632 1999 689 dudum
2049 635 2109 691 in
2136 633 2446 691 Passaviensi
2467 636 2606 707 oppido
2632 637 2663 690 a

591 718 819 776 Danubii
845 723 901 776 et
928 720 1067 776 Ocni
1092 719 1424 777 confluentes
1450 734 1590 792 pene
1607 722 1663 777 in
1690 722 1931 778 austriae
1959 721 2114 778 aditu
2133 722 2334 795 sedent,
2357 724 2667 780 ericotane

590 807 792 866 circqu
820 812 1203 878 computantur.

730 898 818 953 20.
892 898 1017 954 Otto
1045 897 1310 966 Augustae
1338 910 1524 968 agenS,
1550 897 1772 954 Lielabe
1811 901 1987 955 vicum
2015 900 2303 955 Heremitis
2335 900 2384 954 in
2406 897 2526 954 Cella
2543 898 2670 966 liegii-

592 987 712 1044 radi
746 987 833 1057 (id
859 991 947 1044 est
985 987 1307 1042 monasterio
1332 985 1513 1043 Eremi
1543 988 1857 1057 Helvetiae)
1891 989 2007 1045 Deo
2042 987 2393 1044 servientibus
2417 987 2551 1058 donat,
2569 989 2670 1054 sim,

591 1080 654 1132 nt
685 1078 806 1147 ipse
840 1078 932 1143 ait,
958 1077 1013 1130 in
1038 1089 1176 1146 pago
1205 1074 1596 1147 Brisachgowa,
1639 1078 1694 1132 in
1723 1079 1975 1133 comitatu
2005 1075 2107 1132 filii
2133 1078 2219 1132 sui
2245 1074 2440 1131 Ludolli.
2495 1075 2540 1129 1‹1
2558 1075 2671 1129 Grilli-

591 1177 815 1222 mannus
842 1166 900 1221 in
924 1162 1304 1233 Habsburgicis
1332 1165 1624 1220 annotavit.
1696 1164 1979 1221 Decretum
2009 1163 2230 1221 ottonis
2247 1163 2524 1220 Francolurti
2542 1162 2670 1230 factm

591 1254 736 1324 quod
779 1252 904 1308 buic
945 1266 1085 1308 anno
1130 1255 1187 1308 in
1233 1251 1532 1323 appendice
1573 1255 1754 1322 priore
1797 1254 1864 1309 ad
1906 1253 2204 1321 Reginonis
2239 1266 2365 1323 opus
2404 1252 2459 1307 de
2493 1250 2671 1320 disciplina

592 1340 967 1398 ecclesiastica
991 1339 1291 1410 ascribitur,
1332 1354 1379 1396 a.
1409 1340 1470 1395 D.
1501 1339 1622 1396 951.
1649 1341 1841 1398 referri
1868 1341 2090 1412 debere,
2118 1343 2236 1397 illic
2261 1339 2461 1397 ostendi.
2513 1339 2553 1392 Si
2580 1336 2672 1391 labs-

588 1429 757 1486 larum
797 1428 1119 1499 quarundam
1158 1430 1302 1483 notis
1346 1429 1629 1498 credimus,
1669 1431 1726 1485 in
1752 1428 2092 1486 westfaliam
2122 1434 2179 1485 et
2207 1429 2672 1498 Thuringiarnrexnte

590 1519 714 1575 anni
741 1520 938 1574 exitum
961 1518 1122 1573 venit.
1167 1515 1299 1572 Nam
1330 1530 1450 1571 cum
1477 1516 1730 1573 Artoldus
1761 1518 2046 1574 Remensis
2074 1518 2295 1588 praesul
2328 1517 2388 1572 ad
2411 1530 2510 1571 eum
2527 1514 2671 1568 misisse

589 1607 925 1662 Hincmarum
964 1605 1211 1661 abbatem
1250 1605 1305 1661 S.
1330 1603 1556 1674 Remigii
1596 1606 1665 1661 ad
1691 1603 1898 1662 Goliam
1937 1608 1994 1662 in
2021 1607 2240 1675 vosago
2266 1605 2430 1662 villam
2459 1600 2668 1657 momen

587 1694 984 1758 restituendam,
1026 1693 1151 1750 Otto
1179 1696 1486 1750 interventu
1525 1691 1757 1750 Conradi
1797 1695 1947 1750 ducis
1987 1709 2101 1751 non
2145 1694 2313 1751 solum
2338 1690 2670 1756 abbatianireu

588 1783 863 1840 monacbis
903 1796 1060 1840 sacro
1096 1782 1219 1839 loco
1258 1782 1359 1837 sub
1404 1781 1588 1851 regula
1615 1781 1672 1838 S.
1699 1782 1976 1840 Benedicti
2005 1782 2417 1841 deservientibus
2441 1773 2668 1838 confirmavit

587 1872 686 1930 sed
714 1877 770 1930 et
787 1872 1040 1943 quicquid
1065 1873 1204 1928 intra
1220 1872 1490 1940 Vosagum
1517 1870 1584 1928 ad
1612 1869 1880 1928 abbatiam
1906 1873 2233 1947 pertinebat,
2259 1874 2386 1927 sicut
2399 1870 2486 1939 ipsi
2506 1862 2670 1920 naeni-

584 1964 677 2032 gio
702 1962 979 2032 superstiti
999 1977 1031 2019 a
1049 1939 1390 2018 Cblodo‘miro
1414 1973 1542 2029 rege
1560 1958 1858 2015 chlodovei
1875 1964 2097 2030 majoris
2119 1961 2229 2017 filio
2247 1960 2450 2029 aliisquo
2464 1956 2666 2011 mem

582 2049 803 2119 regibus
844 2052 1090 2107 traditum
1127 2049 1316 2120 fuerat,
1356 2050 1568 2106 restitui
1603 2050 1783 2118 jussit.
1821 2049 1966 2104 Data
1991 2054 2048 2105 5.
2076 2051 2213 2106 Idus
2246 2046 2469 2118 septeni.
2490 2034 2666 2098 ψιλαὶ).

582 2141 708 2212 952,
734 2140 843 2196 iud.
872 2142 962 2195 10.
989 2142 1128 2209 (imo
1150 2140 1282 2209 11.),
1309 2152 1457 2193 anno
1482 2140 1637 2207 requi
1663 2139 1748 2192 17.
1774 2136 1965 2193 Actum
1988 2140 2054 2194 in
2080 2140 2200 2196 loco
2224 2136 2525 2193 Patloerbom-
2558 2125 2665 2182 ΟΜ·

583 2230 670 2285 aas
696 2230 1062 2283 cancellarius
1086 2229 1162 2282 ad
1192 2230 1362 2282 vicem
1385 2226 1669 2284 Brunom‘s
1695 2227 2130 2295 archicapellani
2163 2241 2367 2296 recogn.
2429 2221 2552 2276 Extat
2574 2223 2663 2285 pnt-

584 2318 796 2385 eeptnm
822 2317 878 2370 in
902 2313 1189 2383 Metropoli
1224 2314 1492 2383 Remensi‚
1521 2314 1663 2369 unde
1687 2314 1907 2369 Mabilio
1935 2314 2129 2372 refert.

720 2402 805 2457 21.
877 2402 1054 2457 Annus
1095 2402 1257 2456 etiam
1284 2400 1586 2456 dominicae
1611 2403 1993 2458 incarnationis
2039 2404 2166 2461 952.
2203 2401 2478 2472 exprimitur
2503 2389 2662 2461 indipb-

581 2494 723 2546 mate
750 2486 962 2546 Ottonis
1001 2487 1196 2558 Magni,
1236 2502 1342 2559 quo
1383 2486 1626 2544 fundatio
1653 2492 1968 2547 monasterii
2001 2492 2259 2550 Poledani
2295 2492 2347 2545 in
2371 2488 2528 2542 ducatu
2546 2480 2663 2534 Bm?

578 2577 876 2634 vicennium
905 2576 1276 2645 Grubenbagio
1304 2578 1621 2650 continetur,
1667 2578 1811 2633 edIto
1847 2592 1879 2634 a
1918 2579 2201 2637 Joacbimo
2225 2578 2442 2636 Jobanne
2461 2569 2613 2627 Eadem
2633 2562 2661 2614 ἢ

580 2659 984 2738 antiquitatibus
1024 2664 1523 2737 BrunsvicensibuS,
1560 2667 1703 2736 qnod
1746 2667 1871 2724 inde
1907 2674 2114 2740 repetit
2153 2669 2369 2738 diligens
2400 2662 2537 2718 editor
2561 2663 2660 2709 reru

578 2755 985 2813 Poledanorum.
1039 2753 1150 2810 Sed
1180 2756 1354 2826 miror,
1379 2759 1625 2811 nentrum
1653 2754 1992 2828 observasse,
2022 2763 2152 2815 tunc
2178 2760 2433 2813 Hattonem
2451 2743 2660 2814 Hvfflffi

577 2860 688 2902 non
712 2844 1034 2917 praefuisse,
1062 2843 1161 2900 sed
1173 2843 1526 2914 Fridericum3
1553 2844 1737 2914 itaque
1755 2844 1973 2900 mabilio
1995 2847 2054 2902 in
2068 2845 2340 2902 annalibus
2364 2838 2661 2924 adhuncmff!

578 2932 867 2990 Hattonem
894 2937 1045 3004 putat
1071 2946 1170 3003 per
1196 2932 1439 3004 sphalma
1464 2933 1768 3004 irrepsisse,
1799 2946 1901 3001 ego
1928 2935 2074 2989 vero·
2089 2933 2323 3005 sphalma
2358 2941 2466 2987 esse
2490 2921 2657 2993 judioen

578 3021 704 3078 anni
730 3024 908 3078 notis:
936 3035 1059 3076 nam
1091 3021 1217 3076 Otto
1244 3023 1531 3093 imperator
1559 3020 1887 3093 appellatur;
1919 3036 2006 3077 res
2026 3038 2078 3079 a.
2100 3024 2162 3078 D.
2184 3022 2296 3078 973.
2324 3023 2428 3075 acta
2450 3017 2526 3082 est,
2545 3015 2659 3077 ΨΜ·

575 3109 858 3165 admodum
899 3103 1014 3164 illic
1051 3110 1376 3166 ostendetur.
1449 3108 1585 3164 Illud
1611 3111 1808 3182 verius,
1849 3111 1990 3181 quod
2016 3111 2122 3167 boc
2149 3126 2283 3167 anno
2308 3099 2521 3164 liudolfus
2543 3097 2656 3165 (φᾶ.

574 3194 796 3252 milio
817 3196 1026 3264 judicat
1052 3195 1218 3252 filium
1251 3197 1499 3269 matfridi,
1529 3197 1762 3253 celebris
1801 3199 2218 3271 inLotbariensi
2243 3210 2392 3267 regno
2418 3187 2657 3248 comitian-

575 3289 759 3354 potem
796 3283 1035 3351 Rndolli)
1072 3285 1303 3341 alodium
1331 3299 1486 3342 suum
1511 3287 1568 3342 in
1595 3287 1723 3343 villa
1751 3287 1866 3344 Tile
1894 3290 1950 3344 in
1977 3304 2113 3359 pago
2142 3287 2375 3344 salnensi
2400 3279 2480 3349 (ad
2497 3270 2653 3330 Salem

575 3385 784 3428 amnem
809 3386 918 3428 non
944 3372 1131 3444 procul
1159 3387 1191 3429 a
1210 3372 1443 3431 metensi
1467 3374 1632 3445 urbe)
1660 3376 1821 3432 donat
1848 3376 1915 3432 ad
1942 3392 2182 3434 mensam
2209 3353 2653 3448 monaclrorumlltkf¹

573 3460 631 3517 S.
649 3460 866 3518 Amulio
895 3460 1275 3533 famulantium,
1304 3469 1592 3532 praesente
1619 3465 1952 3522 Adalberone
1980 3468 2236 3538 episcopo
2261 3458 2472 3522 aletensi,
2495 3452 2652 3506 οῐθῑθῢ·

571 3549 759 3621 piente
785 3548 979 3606 abbate
1006 3549 1115 3604 loci
1142 3549 1357 3620 ansteo,
1388 3554 1766 3609 consentiente
1790 3554 2029 3611 Audacro
2059 3557 2252 3611 comite
2275 3550 2442 3605 vitrico
2464 3536 2648 3623 donatoris

573 3643 633 3695 et
666 3641 836 3697 matre
872 3654 991 3696 cnm
1016 3640 1177 3694 fratre
1204 3639 1413 3695 uterino
1441 3644 1497 3695 et
1523 3644 1738 3710 proprio
1756 3641 1936 3699 fratre.
2005 3643 2194 3712 Actum
2213 3640 2404 3711 publice
2421 3636 2472 3688 in
2490 3615 2645 3718 affl

571 3726 630 3782 S.
667 3728 998 3798 confessoris
1029 3727 1225 3785 Christi
1262 3727 1474 3798 Amulli
1511 3744 1566 3784 a.
1605 3734 1713 3787 inc.
1739 3732 1808 3786 D.
1835 3734 1959 3803 952,
1994 3721 2105 3788 isid.
2148 3732 2227 3787 10.
2265 3729 2390 3799 (imo
2412 3718 2517 3785 11·)»
2535 3703 2640 3782 ⁹⁸⁶⁸

571 3813 707 3870 Idus
728 3816 868 3871 sulit·
888 3821 1145 3888 remnants
1167 3816 1356 3872 ottone
1380 3831 1522 3888 τερα.

711 3902 798 3958 22.
873 3902 999 3961 Otto
1039 3906 1166 3962 inde
1205 3907 1260 3961 in
1304 3904 1637 3975 Thuringiam
1679 3906 1745 3964 ad
1775 3907 2038 3966 Osttaliae
2066 3909 2196 3966 fines
2221 3905 2372 3972 veuit,
2405 3901 2452 3953 et
2471 3876 2641 3982 ΜΨ

570 3990 705 4047 busa
744 3991 1108 4050 mndationem
1138 3993 1465 4052 G‘eselrensis
1494 3997 1802 4052 monasterii
1827 3998 2297 4055 sanctimonialium
2322 3987 2540 4055 virssfflfflr
2560 3969 2641 4024 ΝΜ

568 4077 935 4137 Pudebornam
977 4086 1033 4138 et
1072 4082 1319 4139 Sosatum
1358 4083 1628 4155 hodieque
1667 4087 1843 4158 situm,
1885 4091 2054 4145 ratam
2090 4086 2281 4154 babuit,
2305 4080 2432 4144 cujus
2453 4067 2562 4161 antif?
2580 4052 2639 4107 Μ

569 4165 884 4225 Ηοῐιοιωε*
912 4182 1111 4242 comes,
1130 4171 1244 4243 ille,
1264 4175 1469 4244 opinor,
1490 4173 1793 4230 celebratus
1820 4173 2318 4241 Padebornensibus‚
2340 4164 2418 4236 ¹1¹i
2439 4166 2539 4213 ⁰⁰³¹

569 4256 689 4323 ejus
715 4260 907 4328 postea
923 4272 1091 4328 regno
1117 4265 1358 4331 apertum
1386 4261 1454 4316 ab
1472 4263 1699 4322 Henrico
1719 4265 1787 4320 11.
1815 4278 1912 4337 per
1924 4264 2290 4323 meinwercum
2313 4238 2638 4325 episcopumg&

570 4343 647 4400 tia
684 4347 942 4418 principis
979 4347 1255 4405 florentem
1296 4351 1672 4421 impetravere.
1743 4353 1858 4410 Rex
1893 4356 1970 4411 ita
2007 4354 2260 4426 loquitur:
2295 4345 2360 4402 Ob
2388 4315 2636 4396 suornm

647 4449 1661 4507 Umdtmdinstom.sseuoem
