2817 4959
788 240 1316 309 ANNALES
1388 242 1849 316 IMPERII
2295 250 2429 324 297

161 419 372 479 nacho
414 415 807 474 Harierodensi
846 417 1154 488 conscripti,
1191 420 1337 475 tomo
1377 418 1428 474 2.
1470 421 1788 493 scriptorum
1827 423 2235 483 Brunsvieensia
2256 443 2261 450 ·
2284 425 2417 484 illu-
2442 429 2509 500 Α,
2534 428 2674 500 903,

165 510 487 568 sti-antium
514 507 662 575 editi,
707 506 996 562 canonicos
1026 508 1151 561 tunc
1185 507 1241 561 ln
1266 510 1424 562 reste
1453 507 1765 566 monachica
1790 509 1891 566 sub
1921 511 2266 572 Benedictina
2291 528 2426 586 pro-

168 599 453 656 fessione
480 595 805 665 conjunctim
831 595 1125 665 victitasse,
1155 595 1300 665 quod
1324 595 1417 651 diu
1444 596 1668 653 duravit.
1720 654 1724 658 ⁴

346 688 434 742 1¹.
505 683 670 755 Idem,
702 681 985 753 christina,
1025 681 1234 738 Ludolfi
1268 689 1323 740 et
1351 681 1503 741 Odae
1532 683 1657 755 iilia,
1686 687 1845 742 tertia
1873 685 2423 749 Gaudesbemensiun

169 782 329 849 post
370 786 590 832 sorores
633 769 910 828 abbatissa
950 769 1218 845 defuncta,
1260 772 1565 830 Roswidam
1593 772 1917 831 abbatissam
1946 777 2224 850 ordinavit,
2266 794 2423 850 quam

170 864 531 923 nobilissimi
557 863 771 931 generis
801 865 856 916 et
883 864 1163 929 cognatam
1189 862 1457 930 prioribus
1485 860 1782 921 fundatoris
1809 863 2037 938 filiabus,
2077 866 2249 924 fuisse
2274 873 2423 926 veri-

178 954 385 1012 sinite
421 957 523 1021 est,
565 949 777 1020 quando
805 949 916 1006 illie
944 951 1115 1020 prima
1141 952 1425 1006 successit.
1498 950 1801 1008 Chronicon
1841 954 2105 1023 quoddam
2132 955 2423 1014 llildesbe·

178 1054 396 1099 mense
421 1040 767 1095 vernaculum
793 1050 861 1094 ex
886 1036 1215 1109 principibus
1244 1042 1413 1095 ortam
1442 1040 1617 1096 tradit.
1652 1047 1659 1052 ’
1688 1040 1954 1098 Laudatur
1982 1058 2012 1101 a
2041 1042 2296 1116 doctrina,
2325 1047 2423 1103 sed

185 1133 516 1197 severiore3
542 1141 665 1184 nam
695 1131 750 1182 et
776 1126 844 1182 de
871 1127 1048 1195 logica
1077 1133 1191 1183 arte
1218 1129 1506 1197 scripsisse
1537 1128 1716 1186 fertur.
1773 1129 2043 1188 Credibile
2073 1133 2172 1204 est,
2202 1134 2423 1190 alteram

184 1222 514 1289 Roswitam,
541 1216 786 1285 ejusdam
811 1216 1125 1271 monasterii
1161 1216 1639 1288 sanctimonialem,
1674 1221 2025 1291 propinquam
2052 1222 2107 1276 ei
2135 1218 2322 1293 inisse,
2366 1227 2423 1279 et

192 1311 268 1368 ab
303 1313 430 1381 ipsa
470 1307 699 1364 ascitam
738 1307 900 1374 atque
940 1303 1251 1375 educatam3
1302 1306 1401 1360 sed
1444 1319 1584 1375 quae
1624 1321 1750 1364 sese
1789 1309 1858 1364 ad
1897 1308 2206 1366 humaniora
2245 1311 2425 1369 studia

193 1401 378 1468 vertit,
419 1398 687 1467 poesique
724 1392 864 1448 ultra
904 1405 1092 1448 sexum
1132 1395 1188 1448 et
1230 1391 1470 1449 seculum
1507 1396 1777 1453 excelluit.
1847 1396 2121 1454 walberto
2157 1402 2425 1457 successit

193 1487 476 1545 sehardus
515 1482 604 1540 vel
645 1480 987 1553 Sigebardus,
1029 1493 1187 1552 quem
1223 1482 1474 1539 nonnulli
1514 1485 1677 1541 etiam
1713 1485 2026 1542 monachum
2062 1486 2117 1541 S.
2146 1486 2422 1545 Benedicti

197 1576 376 1632 ruisse
401 1570 661 1629 scribunt.

341 1663 430 1720 12.
503 1660 742 1718 Roswita
767 1659 993 1732 poetria,
1019 1659 1314 1727 neoeologo
1347 1662 1553 1734 juncta,
1580 1661 1739 1719 nobis
1764 1664 1909 1720 viam
1935 1663 2173 1721 ostendit
2199 1664 2423 1734 episco-

204 1766 395 1823 porum
447 1747 967 1806 Hildeslremeusium
1020 1750 1077 1804 et
1120 1746 1511 1804 abbatissarum
1565 1748 2109 1809 Gandeshemeusiun
2162 1755 2422 1823 tempora,

209 1841 352 1913 apud
379 1841 661 1909 scriptores
689 1838 821 1893 mire
863 1835 1088 1908 turbata,
1128 1850 1271 1892 nunc
1308 1839 1461 1893 recte
1501 1836 1793 1905 digerendi.
1863 1838 1997 1896 Nam
2026 1837 2240 1895 ottonis
2268 1840 2423 1897 ducis

206 1930 408 1984 obitum
444 1926 808 1996 necrologium
843 1927 900 1981 in
941 1939 990 1982 a.
1017 1924 1078 1981 Ι).
1108 1924 1229 1981 912.
1269 1927 1507 1998 conticit,
1547 1927 1634 1982 cui
1676 1926 1944 1982 Ditmarus
1983 1927 2124 1984 diem
2161 1928 2308 1983 addit
2330 1929 2425 1985 ul·-

201 2019 386 2074 timum
411 2015 749 2073 Novembris.
819 2014 1056 2071 Roswtta
1081 2027 1184 2069 nos
1215 2014 1374 2070 docet
1402 2011 1655 2070 ottonem
1683 2014 1927 2084 nagnam
1956 2022 2149 2073 octavo
2178 2020 2305 2073 aute
2331 2017 2420 2074 die

194 2109 380 2164 natum
428 2109 487 2163 et
525 2107 757 2175 septimo
799 2108 924 2175 post
964 2116 1150 2160 mense
1191 2101 1360 2158 odam
1400 2102 1670 2160 ducissam
1710 2102 2049 2174 defunctam
2102 2103 2419 2162 Christiuam

190 2208 304 2252 non
348 2194 490 2251 ultra
534 2195 850 2249 sexennium
891 2193 1051 2248 matri
1102 2194 1500 2262 supervixisse:
1555 2193 1739 2264 itaque
1781 2194 1839 2248 in
1880 2190 2022 2248 bunc
2066 2207 2260 2249 annum
2301 2196 2421 2261 ejus

191 2284 484 2341 decessum
527 2281 783 2338 incidisse
823 2283 1052 2350 oportet.
1124 2280 1431 2336 walbertus
1472 2285 1664 2352 autem,
1694 2280 1956 2338 christina
1983 2278 2252 2353 defuncta,
2278 2282 2422 2337 Ros-

191 2375 376 2429 witam
392 2370 723 2428 abbatissam
741 2370 1094 2439 consecravit,
1112 2369 1251 2439 quod
1271 2368 1615 2426 Ekkeliardus
1637 2369 1923 2426 historicus
1942 2370 2425 2444 Hildesliemeusis,

191 2465 422 2533 ejusque
450 2459 632 2516 verbis
661 2458 923 2515 annalista
941 2459 1090 2515 Saxo
1118 2463 1429 2514 meruerunt.
1506 2460 1588 2515 lta
1616 2461 1779 2515 etiam
1804 2460 2127 2529 necrologus
2152 2466 2423 2520 censentit

190 2551 316 2622 sibl,
341 2561 453 2607 noc
477 2550 716 2618 suspicio
745 2551 846 2619 est,
885 2548 952 2603 de
979 2547 1088 2602 alio
1116 2561 1239 2604 eum
1266 2546 1540 2604 walberto
1567 2544 1734 2617 loqui.
1784 2547 1855 2602 At
1878 2548 2419 2619 emptoresntides—

190 2639 485 2697 hennenses
512 2638 845 2694 recentiores
870 2638 1024 2706 (nam
1048 2635 1323 2692 veteribus
1342 2649 1513 2692 annus
1537 2633 1771 2705 siletur),
1798 2638 2015 2692 immani
2041 2650 2224 2693 errore
2250 2638 2419 2695 sede-

192 2729 296 2785 cim
314 2740 592 2797 annorum‚
621 2724 884 2781 walberti
910 2730 1134 2780 mortem
1157 2721 1400 2780 referunt
1425 2728 1483 2782 in
1509 2738 1559 2779 a.
1579 2722 1640 2779 Ι).
1660 2722 1781 2779 903.
1826 2723 1894 2778 Et
1912 2721 2419 2781 Gaudesbemenses

191 2831 303 2873 non
339 2818 515 2871 minus
542 2817 774 2886 peccant
799 2810 1099 2871 christinae
1127 2811 1328 2868 obitum
1355 2827 1403 2868 a.
1434 2810 1496 2867 l).
1525 2810 1647 2867 903.
1675 2810 1764 2866 vel
1792 2811 1912 2869 904.
1949 2811 2304 2883 ascribentes,
2341 2823 2419 2871 ne

193 2904 513 2961 Leukfeldie
541 2902 756 2973 quidem
795 2903 1041 2973 excepto,
1081 2902 1172 2970 qui
1205 2904 1386 2955 tamen
1415 2899 1650 2955 Roswita
1675 2900 1756 2952 uti
1789 2903 2013 2966 poterat.
2090 2898 2236 2956 Unus
2261 2905 2417 2959 cata·-

191 2994 349 3064 logus
389 2990 786 3049 abbatissarum
817 2989 962 3061 apud
998 2988 1225 3046 eundem
1251 2988 1455 3045 relatus
1481 2989 1782 3060 (aliquus,
1807 2992 1870 3043 ut
1891 2987 1983 3045 vel
2008 2986 2135 3045 iiiuc
2160 2990 2411 3060 apparet)

191 3097 378 3141 verum
404 3094 602 3138 annum
628 3066 936 3149 assignavit.

335 3171 424 3227 ¹3.
496 3167 559 3225 ln
599 3168 773 3224 Gallia
816 3166 1103 3224 Normanni
1141 3163 1479 3222 recruduere.
1552 3164 1852 3223 chronicon
1891 3165 2059 3224 breve
2085 3165 2407 3231 Ques-cenni

189 3259 371 3331 babet,
413 3257 666 3315 llerlcum
707 3259 765 3312 et
797 3255 1046 3312 Beretum
1082 3254 1301 3325 regulos
1339 3253 1619 3311 basilicam
1645 3255 1700 3312 S.
1730 3255 1942 3312 Martini
1962 3255 2329 3313 Torone-sem
2356 3259 2413 3312 et

192 3348 263 3405 28
301 3349 440 3403 alias
480 3346 648 3403 aedes
689 3357 873 3400 sacras
913 3344 1281 3400 succendisse.
1371 3342 1621 3400 Labbeus
1662 3345 1731 3401 ad
1771 3342 2060 3400 chronicon
2098 3345 2413 3404 Toronen„

192 3441 356 3507 atque
396 3435 787 3504 ‚andegavense
827 3437 1100 3505 provocat.
1197 3431 1348 3489 llaec
1374 3431 1493 3491 iere
1520 3432 1591 3490 de
1616 3431 1721 3488 boc
1746 3445 1885 3490 anno
1913 3432 2255 3504 suppeditant
2281 3431 2415 3490 beni

196 3528 428 3595 autores,
453 3523 680 3580 historia
708 3523 842 3578 mire
867 3522 1258 3579 sterilescente.

338 3613 421 3668 1⁸.
496 3612 710 3667 Barouii
737 3609 960 3667 annues
988 3613 1130 3666 circa
1156 3609 1296 3667 baec
1334 3613 1579 3682 tempora
1616 3610 1694 3666 ita
1719 3607 2013 3679 perturbati
2040 3611 2179 3680 ant,
2224 3607 2284 3666 ut
2309 3612 2409 3666 tott

187 3700 610 3757 reconcinnandi
635 3700 929 3756 videantur.
977 3698 1213 3755 Deerant
1235 3698 1317 3754 illi
1343 3700 1558 3756 scilicet
1581 3701 1939 3762 monumenta,
1967 3708 2103 3766 quae
2132 3697 2251 3754 dios
2276 3712 2411 3770 pro-

193 3788 329 3862 tulit,
357 3803 585 3860 quorum
612 3802 719 3862 ope
744 3794 986 3861 tempora
1013 3789 1350 3856 digessimus.
1387 3787 1643 3843 Ludovici
1662 3784 1943 3842 Bosonidis
1972 3787 2411 3844 excaecatione-

191 3892 330 3936 nunc
358 3879 573 3936 demum
600 3882 862 3934 memorat
888 3876 1189 3950 cardinalis,
1238 3878 1380 3948 quod
1407 3880 1676 3946 utcunque
1703 3873 1986 3932 tolerabile
2010 3875 2180 3932 videri
2206 3877 2412 3948 possit:

194 3967 290 4023 sed
329 3967 467 4025 illud
504 3966 740 4039 minime,
781 3966 926 4038 quod
970 3980 1079 4023 uon
1121 3969 1322 4022 tantum
1348 3966 1577 4023 Jebanni
1603 3964 1689 4022 11.
1716 3963 1957 4037 pontifici
1981 3965 2039 4020 iu
2064 3979 2260 4023 aunum
2286 3963 2411 4036 905,

197 4057 292 4112 sed
315 4061 376 4113 et
403 4055 693 4113 Lamberto
732 4056 1041 4127 imperatori
1065 4056 1123 4111 in
1150 4068 1343 4111 annum
1370 4057 1547 4125 nsque
1571 4052 1782 4112 Domini
1808 4053 1930 4110 910.
1956 4055 2120 4112 vitam
2148 4052 2410 4125 producit.

197 4144 317 4216 lpse
356 4148 520 4203 etiam
563 4145 830 4215 Labbeus,
875 4148 1090 4201 caetera
1129 4145 1622 4214 praestantissuma
1663 4142 2035 4215 chronologus,
2074 4144 2232 4199 -circa
2273 4139 2424 4197 liaeo

197 4238 432 4308 tempora
457 4233 649 4293 haesit.
687 4234 938 4307 Sigonius
967 4227 1198 4291 ueteris
1226 4233 1448 4304 propius
1476 4231 1545 4289 sd
1570 4229 1853 4293 veritate-
1879 4232 1987 4291 boe
2008 4229 2133 4294 loco
2160 4231 2410 4287 accessit.
