2817 4959
755 284 1290 353 ANNALES
1362 286 1813 354 IMPERII
2232 235 2393 356 ⁸393

101 460 381 532 inclino,
426 464 485 515 ut
521 463 767 532 statuam,
806 459 1094 517 Heni-icum
1127 461 1233 519 hnc
1270 474 1445 533 usque
1484 466 1810 535 provectum,
1856 467 1963 532 jam
1989 475 2132 520 nunc
2156 464 2397 522 victricia
2422 465 2487 534 Α,
2506 464 2647 538 829.

107 565 300 606 arma
332 550 412 606 de
437 551 616 606 vicino
656 562 831 620 usque
869 553 927 606 in
963 549 1229 608 Bobenios
1268 552 1577 624 protulisse,
1620 566 1737 608 cnm
1766 551 2041 609 witikindi
2076 551 2250 610 verba
2287 556 2399 626 pati

110 654 252 695 non
287 639 597 711 videantur,
635 643 696 693 ut
721 652 862 695 anno
892 640 1084 695 eodem
1112 644 1170 695 et
1203 640 1369 710 Praga
1396 643 1469 696 sit
1496 643 1669 713 capta,
1709 644 1766 697 et
1790 641 2146 699 Lunkinensis
2175 644 2399 699 victoria

119 728 470 799 contigerit,
499 742 657 797 quam
684 730 935 798 sequenti
962 728 1235 785 ascribere
1262 743 1443 799 cogor.

295 817 394 871 10.
467 815 750 872 Bohemias
791 822 935 884 tunc,
973 820 1035 871 ut
1072 831 1181 873 non
1218 819 1406 888 inepte
1436 817 1760 875 witikindus
1801 819 2049 891 loquitur,
2091 819 2394 891 complures

123 905 349 977 reguli,
415 905 506 961 vel
559 906 660 962 sub
725 906 1045 977 potentioris
1108 908 1395 964 autoritate
1440 906 1716 977 subreguli
1773 908 2048 966 tenebant.
2142 908 2397 967 Balbinus

124 993 519 1050 Bohemorum
546 993 835 1050 historicus
862 997 1101 1050 nominat
1124 993 1439 1066 Lucensem,
1470 995 1892 1066 melnicensem,
1920 997 2399 1070 Boleslavionsem,

129 1083 586 1156 Caurimensem,
613 1083 1088 1154 Weitracbensem,
1115 1095 1254 1153 quos
1278 1083 1547 1140 historiae
1564 1083 1685 1141 fere
1706 1086 2075 1159 neglexerunt,
2110 1086 2401 1156 Pragensi-
2462 1105 2467 1110 ·

131 1172 254 1228 bus
281 1177 498 1229 tantum
524 1173 882 1243 imminentes,
929 1174 1021 1242 qui
1061 1176 1291 1229 caeteris
1333 1174 1549 1230 tandem
1589 1176 1903 1245 aperiores
1926 1174 2094 1246 fuere,
2130 1180 2191 1232 et
2214 1190 2397 1246 regum

134 1262 479 1332 opinionem
503 1263 852 1333 speciemque
877 1258 1129 1318 habuere.
1180 1262 1244 1318 In
1269 1261 1370 1318 bos
1399 1275 1525 1330 ergo
1545 1261 1806 1320 Hem-icus
1824 1267 2205 1324 cumexercitu
2232 1266 2396 1336 duxit,

139 1358 205 1406 et
233 1351 486 1422 Pragm,
515 1354 676 1420 capnt
702 1349 1009 1419 Bohemiae,
1037 1349 1184 1421 adiit,
1212 1365 1356 1422 quae
1377 1350 1709 1423 Marobodui,
1750 1350 1879 1407 olim
1903 1353 2401 1410 Marcomannorum

139 1439 439 1510 principis,
468 1440 618 1508 regia
643 1437 882 1495 liabetur.
931 1438 1064 1494 Eam
1084 1438 1347 1505 Henricns
1367 1455 1487 1496 cum
1504 1453 1637 1509 rege
1654 1440 1978 1498 wencessao
1997 1443 2398 1500 indeditionem

143 1529 392 1599 aceepit,
437 1532 495 1583 et
535 1526 822 1584 Bohemias
865 1526 1172 1586 tributarias
1215 1528 1362 1585 tecit.
1450 1528 1660 1586 Deinde
1700 1531 1987 1587 Saxoniam
2030 1534 2279 1601 repetitu
2322 1534 2401 1587 itu

144 1616 505 1675 witikindus.
560 1615 714 1680 Quae
730 1617 835 1671 etsi
859 1617 1102 1685 ignorata
1124 1619 1355 1687 antiquis
1374 1617 1731 1676 Bobemorum
1747 1619 2114 1692 scriptoribuS,
2144 1619 2398 1675 Balbinus

147 1707 354 1761 merito
402 1706 646 1776 admittit,
706 1719 826 1760 cum
869 1706 1033 1760 etiam
1085 1707 1377 1760 continuati
1420 1706 1731 1777 aemonis,
1778 1708 2066 1764 Hermanni
2110 1707 2403 1777 contracti,

147 1793 434 1863 sigeberti
478 1794 814 1863 aliorumque
853 1796 1095 1850 veterum
1154 1796 1442 1851 autoritate
1494 1798 1764 1864 juventur.
1845 1795 2201 1854 wenceslaus
2258 1797 2400 1854 inter

150 1886 384 1941 sanctos
406 1882 658 1950 babetur3
703 1882 770 1938 de
798 1896 903 1952 quo
932 1880 1086 1952 plura
1115 1881 1340 1937 dwenda
1367 1888 1521 1938 erunt
1546 1897 1648 1939 suo
1676 1883 1816 1941 loco.

306 1973 391 2027 11.
465 1970 811 2028 continuator
839 1970 1128 2039 Reginonis
1157 1969 1376 2026 biennio
1420 1976 1474 2026 et
1500 1971 1603 2027 hoc
1646 1978 1703 2028 et
1728 1974 1893 2029 muita
1918 1973 2026 2029 alia
2053 1973 2395 2042 anticipavit:

155 2065 219 2119 et
255 2060 509 2118 videntur
545 2062 754 2116 numeri
793 2073 1048 2116 annorum
1089 2058 1400 2131 perturbati,
1442 2062 1547 2116 etsi
1586 2074 1694 2133 res,
1735 2075 1867 2131 quas
1908 2061 2089 2133 refert,
2127 2076 2236 2118 non
2276 2075 2397 2118 raro

160 2150 410 2220 ejusdem
450 2152 558 2204 sint
597 2151 739 2206 anni.
816 2148 960 2205 Sane
999 2149 1192 2205 eodem
1233 2163 1378 2204 anno
1417 2147 1538 2205 928.
1573 2147 1763 2206 'tribuit
1802 2148 2068 2206 Bobemos
2126 2152 2301 2206 victos
2328 2156 2399 2208 et

158 2240 396 2311 notgeri,
433 2238 826 2310 archiepiscopi
853 2237 1201 2309 Trevireusis,
1231 2243 1472 2310 mortem,
1512 2251 1669 2309 quem
1700 2244 1876 2293 tamen
1905 2254 1953 2295 a.
1981 2238 2045 2294 D.
2073 2238 2195 2294 929.
2225 2238 2399 2295 adbuc

161 2332 385 2401 vixisse,
428 2332 632 2385 certum
674 2333 773 2396 est,
816 2330 873 2382 et
909 2327 1194 2382 Browerus
1235 2301 1452 2398 anque
1493 2342 1541 2384 a.
1568 2325 1631 2382 D.
1661 2326 1781 2384 930.
1820 2330 2125 2398 extinctum,
2167 2329 2399 2384 maxime

161 2418 459 2476 verisimile
500 2420 667 2487 putat.
730 2415 866 2471 iliud
906 2418 1063 2485 pejus
1105 2416 1250 2486 quod
1294 2415 1477 2472 Caroli
1517 2416 1789 2487 Simplicis
1830 2416 2032 2473 obitum
2074 2421 2131 2471 et
2173 2416 2400 2486 witgeri

167 2507 409 2578 episcopi
429 2504 689 2561 Metensis
714 2508 772 2560 in
789 2505 1019 2561 eundem
1036 2519 1229 2561 annum
1250 2504 1370 2563 925.
1396 2505 1609 2562 confert
1624 2506 1986 2572 continuator;
2031 2520 2150 2561 cum
2171 2504 2398 2562 Carolus
2474 2529 2477 2534 ·

168 2612 219 2653 a.
245 2595 306 2652 D.
335 2594 454 2667 929,
484 2593 748 2650 widricus
785 2593 1048 2649 Betensis
1091 2607 1139 2649 a.
1169 2593 1291 2650 927.
1319 2585 1463 2650 haud
1503 2595 1666 2651 dubie
1707 2594 1953 2650 obierint.
2032 2594 2219 2665 itaque
2260 2593 2399 2650 baec

172 2686 371 2742 autoris
397 2684 526 2739 vitia
555 2686 694 2755 sunt,
733 2697 840 2739 nou
869 2682 1039 2739 solius
1066 2682 1285 2754 librarii,
1319 2696 1661 2740 numerorum
1689 2686 1884 2740 seriem
1911 2696 2157 2753 prorsum
2184 2687 2276 2739 aut
2300 2696 2398 2740 re—

173 2783 397 2833 trorsum
426 2773 765 2828 dimoventis.

313 2862 396 2917 12.
467 2859 688 2916 Miratur
704 2860 1002 2931 Boguslaus
1030 2859 1300 2931 Balbinus,
1318 2858 1557 2916 Bobemo
1585 2860 1813 2931 principi
1839 2860 1985 2928 regis
2013 2872 2206 2915 nomen
2234 2857 2398 2915 tribui

179 2967 210 3007 a
237 2949 535 3006 witikindo.
599 2950 710 3006 Sed
737 2965 857 3006 cum
883 2948 1281 3006 Weleslavinus
1309 2950 1540 3020 scriptor
1566 2951 1742 3018 gentis
1770 2949 1977 3020 prodat,
2018 2947 2396 3004 wenceslaum

179 3040 246 3097 ab
275 3039 463 3097 Ottone
492 3039 562 3095 H.
589 3052 771 3108 regem
799 3037 1145 3110 appellatum,
1181 3038 1420 3109 prolepsi
1446 3051 1600 3094 usum
1628 3035 2011 3107 Corbejensem
2034 3038 2241 3106 judicat
2266 3036 2397 3092 Bal-

178 3130 345 3201 binus,
384 3128 526 3200 qued
565 3127 889 3199 Stranskius‚
932 3132 1084 3184 autor
1121 3127 1244 3183 libri
1272 3125 1341 3182 de
1367 3140 1428 3184 re
1458 3125 1674 3198 publica
1700 3127 2005 3198 Bobemiae‚
2032 3130 2139 3199 ipsi
2167 3126 2397 3196 ilenrico

180 3218 382 3275 tribuat.
460 3218 606 3274 Sane
645 3220 703 3274 et
739 3215 1074 3273 Frodoardus
1114 3230 1162 3272 a.
1203 3215 1264 3272 D.
1302 3215 1409 3271 950
1450 3216 1771 3288 Boleslaum,
1814 3216 2029 3273 fratrem
2070 3216 2396 3288 wenceslai,

182 3321 355 3376 regem
396 3309 570 3363 vocat.
678 3304 750 3361 At
794 3304 1143 3361 Christannus
1190 3304 1429 3361 Boleslai
1474 3304 1614 3362 filius
1665 3307 1723 3362 in
1766 3306 2046 3378 opusculo,
2101 3321 2208 3377 quo
2257 3305 2399 3362 infra

183 3400 390 3465 utemur,
430 3399 635 3467 patrem
677 3399 733 3451 et
773 3400 1015 3464 patruum
1055 3407 1271 3464 semper
1310 3393 1478 3451 duces
1520 3394 1774 3465 appellat.
1822 3394 1952 3466 Ego,
1979 3393 2195 3465 populis
2223 3397 2396 3451 minus

182 3485 396 3554 coguitis
437 3497 540 3540 nec
578 3485 710 3540 satis
752 3483 1001 3539 edomitis
1042 3482 1204 3539 facile
1243 3498 1277 3540 a
1316 3483 1667 3554 scriptoribus
1708 3498 1866 3554 reges
1923 3483 2097 3553 tribui,
2142 3480 2392 3540 observo.

184 3575 254 3631 At
288 3575 442 3643 ouria,
486 3572 577 3629 vel
622 3572 914 3644 imperialis
955 3573 1042 3629 vel
1085 3573 1338 3643 Romana,
1379 3587 1489 3629 non
1531 3587 1705 3643 aeque
1744 3573 1964 3629 lionoris
2006 3571 2226 3643 prodiga
2263 3575 2396 3629 erat.

185 3662 251 3719 nt
283 3665 521 3733 potentes
562 3662 724 3717 etiam
758 3662 1046 3732 principes,
1098 3664 1312 3718 nonnisi
1353 3669 1521 3732 regno
1562 3662 1757 3720 Christi
1798 3661 2133 3732 summissos,
2175 3659 2399 3717 Romani

183 3751 447 3823 pontifices
475 3764 659 3821 regum
684 3753 899 3807 nomine
928 3750 1294 3823 dignabantur,
1334 3750 1779 3821 quemadmodum
1802 3756 1860 3806 et
1888 3749 2125 3806 Romana
2151 3748 2283 3805 oiim
2305 3764 2398 3808 res

184 3840 384 3911 publica
427 3842 642 3898 nonnisi
686 3842 868 3895 socios
915 3846 969 3895 et
1019 3842 1221 3895 amicos
1279 3842 1555 3911 principes
1610 3853 1769 3908 reges
1832 3837 2109 3909 appellare
2154 3838 2394 3895 solebat:

187 3929 505 3999 witikindus,
533 3928 927 3999 wenceslaum,
965 3929 1215 3999 quamdiu
1243 3931 1392 3999 vixit,
1424 3930 1732 4000 imperatori
1771 3929 1861 4000 (id
1888 3932 1975 3984 est
2013 3943 2123 3985 non
2164 3928 2397 3985 Henrico

188 4024 387 4090 uniam,
432 4018 530 4074 sed
576 4024 635 4074 et
675 4016 857 4073 ottoni
901 4018 1006 4085 Μ.)
1049 4017 1263 4075 fidelem
1310 4024 1365 4075 et
1407 4018 1593 4074 utilem
1639 4020 1921 4090 mansisse,
1965 4018 2130 4073 addit.
2210 4018 2398 4087 itaque

190 4105 401 4163 ilenrico
459 4122 579 4163 cum
641 4106 908 4177 Hungaris
971 4108 1341 4175 congredienti
1399 4107 1656 4162 auxilium
1716 4105 1909 4165 tulisse
1959 4107 2202 4163 arbitrer.
2275 4107 2400 4163 Vita

191 4196 472 4253 wenceslai
512 4198 618 4254 etsi
663 4196 878 4253 fabulas
915 4198 1226 4268 admisceat,
1267 4198 1324 4252 in
1361 4195 1845 4252 Ratisbonensibns
1887 4199 2137 4268 comitiis,
2177 4209 2315 4267 quae
2344 4196 2401 4252 in

193 4299 238 4340 a.
253 4284 311 4341 D.
326 4285 422 4342 935
451 4284 704 4343 Balbinus
734 4284 924 4358 differt,
962 4299 1155 4355 magno
1195 4284 1400 4342 honore
1442 4284 1509 4340 ab
1540 4284 1773 4342 ilenrico
1802 4286 1999 4343 cultum
2027 4285 2208 4344 refert.
2282 4284 2397 4354 Ego

192 4386 378 4446 vereor,
415 4388 504 4445 ne,
544 4374 799 4446 quicquid
842 4373 898 4430 id
935 4377 1038 4447 est,
1086 4373 1435 4432 differendum
1474 4376 1548 4431 sit
1581 4377 1637 4431 in
1678 4375 1918 4448 tempora
1950 4375 2167 4431 ottonis
2203 4371 2399 4445 ungui,

196 4476 334 4535 quem
368 4462 694 4523 Ratisbonae
735 4464 925 4522 adierit
964 4480 1012 4522 a.
1034 4461 1097 4521 D.
1121 4463 1243 4524 938.
1308 4464 1495 4536 ltaque
1538 4468 1666 4524 tunc
1706 4479 1879 4538 prope
1914 4465 2058 4535 regis
2096 4465 2157 4553 {n
2196 4475 2401 4520 morem
