2817 4959
652 270 1185 341 ANNALES
1249 272 1714 342 IMPERII
2167 274 2297 343 553

28 442 386 505 undecimo
425 456 564 501 anno
602 448 748 515 regis
788 445 1034 520 Conradi,
1080 462 1238 520 quem
1279 450 1433 519 Euge
1472 449 1702 506 vivendo
1741 462 1849 505 non
1891 448 2078 519 attigit.
2148 449 2291 505 Nihil
2316 448 2382 523 Α,
2403 445 2544 515 947.

28 546 229 589 nmen
277 532 547 605 probibet,
589 535 645 591 in
684 548 803 591 eam
831 548 942 591 rem
969 542 1174 606 partem
1198 540 1496 608 ingentium
1525 553 1688 609 opum
1716 542 2035 595 testamento
2064 536 2298 605 legasse.

28 624 208 676 :erte
260 620 339 676 de
377 622 693 679 monachatu
735 627 925 680 merito
969 625 1175 682 dubitat
1211 625 1448 683 mabilio.
1519 628 1677 684 Berta
1704 642 1828 682 mox
1855 626 1910 680 in
1937 625 2077 681 idem
2105 639 2297 682 mona-

28 711 283 764 terium
330 708 571 766 liberalis
613 711 727 783 luit,
768 712 836 768 de
872 712 1049 783 rebus,
1092 728 1225 783 quas
1253 714 1588 772 haereditate
1614 714 1863 772 avunculi
1887 714 2125 782 lingonis
2153 717 2297 784 regis

32 797 430 854 bvenerat*.
503 800 834 856 Avunculum
869 808 1045 870 vocat,
1087 805 1178 872 qni
1220 809 1437 874 patruus
1466 806 1579 859 ruit.
1651 805 1869 860 Arelate
1897 803 2165 873 sepultum
2190 816 2294 874 ap-

34 892 222 956 uret,
254 900 373 943 non
400 885 656 959 Viennae,
684 893 741 945 ut
767 887 960 958 Pagius
988 891 1284 948 arbitratur.
1563 906 1566 911 ·

192 976 294 1030 15.
370 976 521 1045 nugo
562 980 688 1033 ante
739 990 961 1048 regnum
1002 980 1233 1049 inclytus
1284 994 1469 1037 comes
1510 985 1565 1037 et
1604 980 1837 1037 marchio
1880 982 2298 1051 carissimusque

28 1063 233 1121 [dolis
281 1067 340 1120 et
369 1067 798 1134 consanguineus
825 1081 858 1122 a
885 1065 1155 1124 Lndovico
1185 1066 1329 1125 Orbo
1358 1075 1582 1140 augusto
1624 1069 1926 1141 appellatus
1963 1074 2061 1127 est.
2134 1068 2298 1126 Erant

28 1154 199 1207 enim
229 1154 351 1208 nati
380 1165 446 1209 ex
474 1153 731 1210 matribus
759 1154 1111 1227 consobrinis,
1139 1150 1441 1214 Ludovicus
1469 1173 1539 1216 ex
1565 1159 1672 1215 tilia
1690 1148 1945 1216 Ludovici
1974 1159 2041 1215 11.
2070 1160 2296 1231 augusti,

30 1242 208 1309 lugo
257 1253 330 1295 ex
369 1240 478 1297 filia
505 1241 740 1299 Lotbarii
782 1243 974 1316 fratris,
1014 1248 1106 1314 qui
1134 1249 1189 1303 in
1219 1248 1493 1304 Austrasia
1522 1250 1810 1318 regnavit.‘
1851 1248 1969 1313 Qua
1993 1248 2063 1303 de
2090 1250 2297 1318 origine

28 1330 308 1399 {ugonis
336 1330 564 1386 diximus
591 1330 657 1387 ad
687 1345 735 1387 a.
761 1331 822 1388 D.
847 1332 969 1403 926,
997 1335 1258 1404 pluraque
1284 1336 1556 1393 attulimus
1585 1338 1654 1394 de
1682 1338 1800 1405 ejus
1827 1335 2006 1393 rebus.
2082 1336 2296 1408 Comes,

28 1417 319 1489 uncino,
349 1418 454 1473 dux
480 1421 533 1473 in
564 1419 759 1476 tabulis
786 1426 1024 1494 vocatur,
1053 1423 1247 1493 quibus
1276 1424 1328 1482 S.
1348 1423 1507 1481 Petro
1526 1424 1820 1483 Viennensi
1846 1426 2106 1494 quaedam
2132 1425 2298 1482 resti-

30 1510 151 1564 nit
187 1521 295 1577 pro
322 1507 562 1564 remedio
590 1509 800 1565 animae
831 1508 1121 1567 Tbeobaldi
1151 1515 1314 1584 patris
1344 1518 1399 1570 et
1427 1514 1620 1569 Bertae
1649 1516 1846 1584 matris,
1873 1513 2067 1570 Willae
2095 1514 2298 1585 primae

28 1596 330 1666 conjugis,
356 1594 548 1652 Hildae
576 1596 863 1654 secundae.
939 1598 1190 1656 Vicissim
1220 1601 1438 1659 dorsale
1464 1617 1593 1657 auro
1636 1606 1835 1658 textum
1863 1600 1967 1657 sibi
1996 1601 2297 1674 stipulatur,

28 1688 325 1741 honorem
364 1686 548 1756 magis,
590 1699 746 1755 quam
785 1688 1029 1756 pretium.
1100 1687 1208 1743 Sed
1237 1691 1293 1745 et
1314 1694 1426 1759 jam
1454 1703 1504 1745 a.
1534 1689 1594 1745 D.
1623 1690 1723 1746 921
1757 1690 1909 1760 Hugo
1940 1690 2044 1746 dux
2072 1695 2127 1746 et
2152 1704 2298 1745 mar-

28 1774 185 1832 chio
228 1774 289 1827 in
329 1776 583 1829 comitatu
621 1774 928 1831 Arelatensi
971 1779 1437 1832 commutationem
1465 1778 1728 1848 quandam
1764 1776 2020 1834 bonorum
2049 1778 2296 1834 instituit.

28 1864 261 1921 Actum
276 1862 491 1917 Arelate
506 1865 559 1916 5.
587 1862 725 1918 Non.
759 1862 936 1919 Octob.
963 1866 1074 1920 ind.
1103 1868 1156 1921 9.
1200 1866 1407 1921 Hildam
1438 1870 1718 1937 conjugem
1737 1866 2090 1936 Luitprandns
2108 1866 2298 1922 Aldarn

28 1955 244 2021 vocat,
292 1962 358 2006 ex
402 1964 508 2020 qua
547 1948 825 2008 Lotbarins
865 1967 958 2009 rex
997 1958 1171 2024 natus,
1217 1958 1273 2010 et
1312 1954 1451 2011 Alda
1488 1955 1744 2012 Alberico
1772 1958 1997 2026 patricio
2028 1955 2297 2011 Romanae

28 2039 215 2099 urbis
232 2044 397 2109 nupta
426 2043 497 2108 et,
523 2041 584 2095 ut
601 2039 840 2112 arbitror,
861 2038 1140 2097 Octaviani
1158 2042 1244 2098 ΠΙ.
1274 2045 1392 2101 sive
1407 2043 1665 2100 Jobannis
1684 2043 1794 2100 ΧΠ.
1823 2043 2090 2115 pontificis
2110 2047 2297 2101 mater.

30 2127 354 2186 marociam
382 2129 723 2198 sponsaverit
756 2131 972 2202 tautum,
1001 2144 1067 2185 au
1089 2135 1146 2188 et
1163 2131 1387 2211 duxerit,
1416 2133 1553 2189 haud
1583 2134 1714 2189 satis
1744 2138 2089 2205 compertum.
2160 2131 2299 2189 Ber·

30 2226 192 2288 tam,
221 2215 423 2272 liudolfi
453 2218 596 2286 regis
617 2216 950 2286 Burgundiae
978 2219 1207 2292 viduam,
1235 2225 1507 2291 postremo
1537 2222 1699 2294 duxit,
1727 2220 1836 2278 filia
1863 2226 1982 2293 ejus
2002 2220 2300 2278 Adelbeide

36 2306 182 2364 filio
221 2318 321 2360 suo
358 2304 609 2361 Lotbario
651 2305 915 2377 copulata.
989 2307 1157 2372 Quam
1197 2311 1253 2366 in
1293 2310 1593 2378 Burgundia
1642 2315 1963 2381 potestatem
2003 2311 2299 2382 retinuerit,

35 2409 176 2455 non
205 2395 336 2449 satis
364 2392 601 2460 constat3
650 2400 921 2466 potestate
946 2397 1266 2453 marchionis
1295 2401 1349 2455 iu
1375 2399 1653 2455 Provincia
1679 2401 1757 2455 uti
1785 2402 2095 2470 perrexisse
2121 2398 2301 2455 credi-

40 2483 256 2554 derim,
282 2495 454 2553 eoque
475 2485 600 2551 jure
626 2498 783 2541 usum
808 2484 1143 2542 Fraxinetum
1172 2485 1486 2543 obsedisse:
1525 2489 1702 2558 opima
1729 2488 1948 2558 praedia
1976 2491 2028 2545 ei
2055 2490 2213 2545 etiam
2242 2488 2299 2543 in

39 2574 359 2633 Viennensi
378 2576 547 2629 tractu
566 2584 829 2628 mansere.
892 2570 1603 2654 Rudolfumt'l'ransJuranum
1623 2589 1803 2645 regem
1834 2590 1932 2648 spe
1965 2576 2300 2634 Arelatensis

40 2662 224 2732 regni
242 2659 396 2732 facta,
422 2664 596 2732 pactis
635 2663 795 2717 etiam
814 2662 961 2716 initis
989 2654 1219 2718 amicum*
1235 2662 1342 2718 sibl
1359 2662 1518 2731 fecit3
1550 2678 1723 2736 eaque
1751 2670 1955 2720 mortuo
1979 2663 2300 2721 inconrado

42 2748 280 2809 Rudolli
318 2749 427 2806 tilio
465 2749 701 2822 valuere,
743 2752 827 2805 cui
854 2749 1143 2805 Bosoniani
1166 2754 1332 2821 ,regui
1367 2765 1640 2824 proceres,
1682 2751 1880 2809 ottone
1908 2750 1980 2807 u.
2008 2754 2300 2825 annitente,

47 2854 131 2899 se
162 2837 476 2915 submisere.

214 2925 299 2983 16.
366 2926 517 3001 Engo
547 2927 669 2987 a.D.
686 2927 807 2985 945.
834 2928 1036 2999 regiam
1064 2932 1389 3001 potestatem
1418 2930 1526 2986 sibi
1552 2944 1670 2986 cum
1696 2928 1810 2986 filio
1831 2928 2109 2987 inVienua
2136 2931 2292 2985 attri-

52 3012 200 3087 buit,
219 3016 409 3073 tabulis
428 3016 625 3090 Papiae
643 3017 799 3089 datis,
828 3017 1022 3089 quibus
1042 3018 1393 3077 Castenacum
1413 3019 1686 3092 praedium
1705 3020 1974 3077 ecclesiae
1992 3018 2046 3074 S.
2063 3018 2296 3074 mauritii

56 3106 254 3175 donat,
289 3105 637 3163 violatoribus
677 3107 950 3177 praecepti
985 3108 1201 3163 multam
1242 3120 1310 3164 ex
1336 3108 1574 3179 praedio
1613 3111 1818 3181 partem
1855 3107 1990 3164 fisco
2017 3121 2117 3164 suo
2144 3108 2294 3176 regio

58 3193 376 3253 solvendam
417 3195 610 3251 dictat:
657 3198 712 3252 in
754 3196 932 3265 sigillo
975 3209 1131 3252 cerae
1172 3195 1433 3254 candidae
1471 3197 1751 3269 impresso,
1793 3210 1932 3267 quae
1960 3198 2095 3268 ipsis
2122 3194 2295 3253 literis

60 3282 392 3354 agglutinata
411 3288 511 3357 est,
540 3286 703 3355 patris
724 3284 926 3356 filiique
948 3285 1126 3341 vultus
1146 3290 1433 3356 spectatur.
1505 3286 1715 3355 nugoni
1736 3284 1883 3341 frons
1903 3283 2096 3357 ampla,
2127 3283 2296 3340 facies

63 3372 320 3444 oblonga,
360 3377 415 3429 at
442 3377 497 3430 in
523 3377 758 3431 mentum
788 3376 1125 3445 contractior,
1167 3372 1333 3431 barba
1358 3376 1416 3432 in
1443 3388 1668 3432 acumen
1698 3375 1824 3431 abit.
1894 3375 2059 3431 Filius
2101 3373 2295 3431 adole-

66 3462 277 3518 scentis
315 3475 379 3517 ac
419 3475 559 3532 pene
598 3465 752 3532 pueri
801 3463 1039 3533 speciem
1078 3464 1170 3518 vix
1194 3461 1532 3534 pubertatem
1576 3466 1783 3533 egressi
1821 3463 2071 3534 praefert.
2143 3461 2296 3530 Hugo

64 3550 376 3607 fortitudine
396 3555 451 3606 et
468 3552 684 3620 ingenio
704 3550 886 3622 valuit,
914 3551 1009 3606 sed
1038 3552 1294 3620 regnandi
1325 3567 1487 3608 causa
1515 3551 1788 3623 perfidiam
1820 3552 2297 3619 crudelitatemque

66 3641 211 3694 inter
238 3637 377 3694 licita
403 3638 602 3695 babuit.
674 3639 895 3696 Matrem
923 3643 1310 3712 suppositionis
1338 3642 1628 3713 accusavit,
1662 3646 1722 3697 ut
1747 3639 1925 3697 fratris
1951 3639 2163 3694 viduam
2191 3638 2296 3694 dn-

69 3732 238 3797 ceret,
276 3741 371 3798 spe
397 3728 597 3784 Romae
631 3729 950 3799 potiundae;
990 3730 1086 3786 sed
1115 3735 1171 3787 et
1184 3730 1416 3786 statrem
1444 3730 1604 3786 alium
1630 3728 1702 3785 ob
1731 3728 2092 3801 suspicionem
2121 3726 2335 3784 oculis.

69 3818 312 3889 privavit,
339 3819 546 3879 tertium
580 3820 636 3874 iu
668 3820 895 3876 vinculis
917 3821 1103 3889 tenuit,
1134 3831 1322 3875 sorore
1346 3823 1530 3876 natum
1549 3818 1837 3881 subornato
1864 3815 2008 3871 bosti
2035 3815 2293 3873 occiden-

72 3906 199 3962 dum
227 3904 437 3976 objecit,
467 3919 534 3962 ex
560 3905 722 3963 fratre
745 3914 920 3963 natam
941 3906 1262 3976 Berengario
1283 3912 1502 3978 nuptam
1528 3906 1756 3976 pepulit3
1782 3907 1991 3974 juratus
2015 3906 2294 3962 caritatum

70 4009 286 4052 suarum
322 3994 510 4067 bostis,
550 3994 736 4051 liberis
778 4001 978 4052 tantum
1021 4000 1280 4068 exceptis.
1350 3996 1414 4053 Id
1454 4009 1617 4064 agere
1657 3995 1816 4051 etiam
1844 3999 2069 4050 conatus
2098 3997 2199 4065 est,
2235 3998 2296 4050 ut

70 4082 504 4154 archiepiscopus
539 4083 957 4140 mediolanensis
999 4086 1053 4139 in
1096 4084 1321 4141 tumultu
1361 4085 1714 4154 occideretur,
1750 4098 1855 4154 quo
1884 4081 2049 4140 filium
2074 4081 2292 4138 notbun

69 4171 358 4239 subrogare
395 4176 600 4242 posset.
673 4172 781 4227 Sed
822 4176 879 4228 et
919 4171 1128 4228 libidini
1157 4187 1290 4228 snae
1317 4173 1524 4229 nullum
1550 4172 1763 4229 modum
1791 4172 1966 4230 dedit:
2008 4175 2292 4228 accusatus

68 4265 165 4318 est
199 4273 377 4314 nurum
414 4272 643 4331 amasse,
686 4260 1070 4332 adversamque
1110 4263 1167 4316 in
1205 4274 1277 4318 eo
1316 4260 1513 4318 famam
1549 4266 1761 4318 caetera
1789 4263 1899 4318 vita
1926 4262 2131 4330 meruit,
2171 4272 2292 4314 cum

69 4349 248 4407 aleret
284 4350 691 4406 concubinarum
731 4362 924 4419 greges
938 4362 955 4417 3
997 4351 1181 4421 itaque
1207 4350 1368 4406 etiam
1395 4349 1624 4425 Beuum,
1648 4352 1793 4421 regis
1833 4350 2046 4406 viduam
2079 4346 2212 4404 licet
2236 4348 2294 4405 et

179 4455 234 4508 ⁶)
258 4453 417 4511 adepta
445 4458 547 4502 erat
568 4466 681 4501 eor-r.
706 4455 974 4502 neuere-u.
