2817 4959
674 263 1208 334 ANNALES
1282 265 1745 334 1MPER11
2186 265 2312 332 623

64 445 543 514 interveniremus
576 438 816 510 fidelium
852 445 1164 498 nostrorum
1198 441 1411 498 Holiolti
1446 440 1748 514 fratrisque
1789 441 1908 510 ejus
1932 440 2208 497 Brunonis
2258 442 2313 497 et
2339 439 2408 513 Α,
2422 445 2559 519 952,

65 533 358 588 Fn‘derici
384 532 695 601 sororisque
720 545 912 586 eorum
938 530 1264 602 Wicburqae‚
1283 533 1668 586 monasterium
1693 532 1753 585 in
1787 530 1906 585 loco
1928 529 2095 586 Gisiki
2121 529 2187 585 ab
2207 531 2314 586 illis

58 623 127 676 in
140 635 252 676 suo
266 621 508 688 praedio
526 622 583 672 in
597 619 802 674 honore
821 618 933 691 Dei,
954 621 1144 674 beatae
1160 621 1386 689 viryinis
1397 619 1616 675 Mariae
1632 621 1909 690 sanctique
1928 619 2142 691 cyriaci
2158 634 2314 674 mar-

65 712 212 780 tyris
252 710 645 778 constructum,
683 709 810 779 quia
842 709 1157 777 praedictus
1181 707 1374 763 Hohott
1414 709 1590 764 iocum
1622 708 1785 763 simul
1820 720 1943 761 cum
1979 710 2311 764 monasterio

64 794 452 867 aedificiisque
484 800 847 867 praeparatis,
874 801 926 851 et
962 811 1118 852 omne
1154 797 1301 868 quod
1336 796 1574 863 ejusdem
1601 796 1829 852 civitatis
1854 797 2135 850 interioris
2159 799 2309 852 muri

62 885 279 940 ambitu
314 887 628 940 continetur
655 885 843 956 sotum,
888 888 943 940 et
964 900 1172 940 omnem
1205 890 1426 955 terram,
1455 899 1617 956 quam
1652 888 1815 939 antea
1843 883 2126 955 presbyter
2163 887 2310 940 illius

62 973 258 1044 (legot
284 976 458 1042 pater
494 973 670 1039 iltius,·
704 973 847 1043 qnod
874 975 1036 1028 miror
1060 972 1403 1030 Schatenium
1429 987 1537 1029 non
1567 971 2041 1041 animadvertisse)
2066 975 2124 1027 in
2148 974 2311 1027 bene-

60 1061 253 1131 ficium
289 1063 551 1132 possedit,
587 1064 640 1116 et
672 1063 896 1132 insuper
920 1061 1087 1117 hobas
1115 1063 1293 1117 decem
1312 1076 1604 1134 possessas,
1631 1063 1691 1117 in
1716 1064 1963 1115 nostrum
1987 1060 2309 1116 mundibur-

64 1152 220 1206 dium
258 1153 589 1218 accepimus.
659 1150 814 1204 Brun
832 1149 1020 1219 frater
1044 1150 1266 1205 Hotiolti
1286 1151 1455 1205 hobas
1481 1152 1556 1205 ad
1579 1151 1719 1206 idem
1743 1150 2128 1204 monasterium
2164 1163 2306 1220 qua·

64 1242 202 1294 tuor
241 1241 521 1293 concessit
553 1252 845 1309 possessas,
885 1236 1196 1294 Fridericus
1234 1254 1402 1295 unam
1436 1253 1751 1308 possessam,
1788 1237 2101 1307 Wicpurahc
2126 1237 2315 1309 (Wig-

64 1326 292 1395 burgis)
326 1340 525 1380 eorum
549 1339 715 1381 soror
738 1339 839 1380 sea:
862 1321 1154 1380 secundum
1181 1326 1345 1396 teyem
1364 1327 1700 1381 Saxonicum
1725 1308 1846 1380 cuin
1871 1340 2038 1380 manu
2067 1327 2316 1381 advocati

64 1417 155 1471 sui
178 1414 476 1470 Eklriberti
499 1414 743 1467 tradidit.
798 1411 940 1467 Loca
977 1416 1058 1468 sic
1083 1420 1303 1470 vocata:
1331 1414 1562 1484 Spurka,
1589 1413 2000 1484 Hortinqliusen‚
2029 1413 2314 1484 Nulilotra‚

66 1501 462 1572 Atmunderas,
484 1502 769 1572 Tliirarun,
804 1506 856 1557 et
875 1503 1125 1574 quicquid
1141 1504 1327 1557 habuit
1353 1507 1410 1558 in
1438 1505 1558 1558 toco
1585 1503 1682 1573 qui
1697 1503 1898 1557 dicitur
1919 1502 2189 1559 Anaoutto
2205 1543 2217 1556 .
2235 1543 2248 1557 .
2266 1542 2280 1556 .
2298 1540 2314 1556 .

66 1591 310 1661 Insuper
337 1591 632 1662 praedicta
676 1588 959 1661 Wicpurqa
992 1589 1159 1645 hobas
1183 1593 1373 1661 viymti
1396 1593 1458 1645 in
1498 1592 1622 1646 aliis
1648 1592 1782 1645 locis
1805 1591 2078 1646 habitatas
2094 1628 2110 1644 .
2131 1631 2145 1645 .
2167 1629 2182 1645 .
2222 1590 2315 1646 Ita

67 1681 517 1736 construxerunt
532 1681 935 1748 monasterium,
955 1681 1218 1750 quatenus
1230 1679 1512 1748 praedicta
1534 1680 1854 1748 Wicpuraltc
1870 1679 2009 1734 illud
2016 1679 2318 1750 possideret

66 1783 246 1841 usque
289 1768 374 1823 ad
413 1768 562 1821 vitae
601 1766 747 1821 itlius
774 1767 988 1822 obitum.
1061 1766 1253 1822 Postea
1293 1769 1548 1838 quamdiu
1584 1769 1645 1822 in
1683 1767 1865 1822 eodem
1891 1770 2221 1823 monasterio
2249 1768 2316 1823 de

68 1857 270 1912 Hohott
305 1857 578 1928 progenie
611 1855 794 1925 aliqua
828 1855 1138 1921 hujusmodi
1165 1856 1372 1910 honore
1413 1856 1580 1926 diyna
1619 1856 1935 1925 invenietur,
1978 1869 2315 1926 nequaquam

66 1947 183 2000 alia
210 1947 478 2017 eliqatur.
534 1944 597 1997 Si
618 1944 770 1998 nulia
795 1945 880 2013 sit,
906 1947 1037 1999 tunc
1063 1945 1178 1999 alia
1202 1946 1263 1998 in
1286 1946 1618 1998 monasterio
1645 1946 1859 1999 nutrita
1884 1944 2153 2014 stipatum
2192 1948 2316 2000 etsi

69 2036 271 2089 iterum
299 2035 371 2088 de
397 2031 622 2087 Hoholti
645 2033 833 2086 radice
860 2032 1044 2103 aliqua
1082 2034 1383 2088 revirescat
1431 2035 1490 2087 in
1533 2035 1718 2088 eodem
1743 2034 2073 2087 monasterio
2100 2034 2314 2088 nutrita

69 2126 120 2176 et
148 2123 335 2194 diqna,
362 2121 472 2176 lioc
499 2136 536 2174 a
559 2123 674 2175 suis
693 2106 1009 2192 parentims
1052 2125 1416 2177 constructum
1451 2124 1766 2191 potestative
1802 2121 2078 2191 possideat
2115 2135 2313 2176 mona-

64 2213 316 2266 sterium.
382 2208 582 2264 Nullus
594 2211 777 2275 judea·
796 2211 1042 2278 publicus
1058 2213 1117 2265 in
1137 2210 1270 2264 locis
1294 2210 1456 2276 liujus
1473 2212 1730 2266 ecclesiae
1748 2210 1946 2265 habeat
1963 2212 2282 2278 potestatem
2287 2225 2311 2276 ,-

70 2300 179 2354 nisi
201 2301 318 2370 ipse
345 2298 562 2367 Heliou,
598 2311 755 2370 qvem
781 2299 1104 2353 advocatum
1130 2301 1184 2352 et
1203 2301 1328 2367 post
1356 2299 1554 2353 obitum
1582 2301 1716 2369 ejus,
1743 2300 1793 2353 si
1829 2297 2024 2352 habeat
2044 2294 2229 2368 fitium,
2257 2299 2311 2352 et

72 2389 150 2442 sic
166 2387 235 2442 de
259 2389 438 2456 ipsius
459 2391 700 2456 qermine
718 2386 850 2457 sore
876 2387 1299 2459 disposuimus..
1322 2427 1366 2440 ..
1400 2386 1648 2443 otbertus
1672 2387 2037 2441 cancellarius
2054 2387 2132 2441 ad
2145 2389 2310 2440 vicem

72 2473 361 2529 Brunonis
379 2478 673 2541 recoqnovi
698 2478 750 2530 et
775 2475 1077 2547 subscripsi.
1135 2475 1283 2530 Data
1312 2477 1361 2530 7.
1377 2473 1497 2530 Kal.
1518 2475 1655 2532 Nov.
1683 2492 1734 2531 a.
1749 2477 1854 2530 inc.
1869 2474 1936 2530 D.
1956 2477 2078 2546 952,
2096 2475 2206 2530 ind.
2223 2475 2310 2530 10.

64 2564 216 2632 (imo
248 2562 315 2616 11
323 2561 390 2629 .),
422 2574 573 2615 anno
601 2565 755 2631 reyni
793 2563 876 2617 17.
904 2563 1094 2617 Actum
1129 2562 1466 2618 Wataliusen.
2319 2605 2328 2614 .

217 2650 308 2704 23.
384 2646 614 2716 Dignum
646 2652 829 2705 notatu
858 2653 946 2705 est
972 2648 1379 2705 haereditarium
1400 2653 1492 2718 jus
1519 2662 1629 2704 non
1654 2651 1855 2704 tantum
1874 2650 1941 2705 ad
1959 2650 2310 2719 advocatiam,

71 2738 172 2795 sed
200 2739 372 2794 etiam
401 2737 468 2791 ad
498 2736 809 2806 dignitatem
837 2736 1160 2793 abbatissae.
1234 2735 1395 2791 Notat
1413 2735 1752 2807 Scbatenius,
1777 2736 1954 2791 locum
1982 2736 2109 2792 olim
2135 2737 2312 2795 Pade-

72 2825 366 2884 bernensis
396 2825 684 2896 dioecesis,
711 2839 852 2880 nunc
879 2837 1006 2880 esse
1026 2824 1381 2880 ColoniensiS.
1411 2822 1561 2880 Idem
1584 2823 1836 2881 observat
1862 2839 1931 2882 ex
1957 2824 2313 2883 mindensium

73 2913 365 2985 chronicis,
400 2912 507 2969 boc
534 2927 674 2969 anno
701 2912 1005 2982 Drogonem
1049 2910 1522 2981 osnabrugensem
1562 2912 1896 2983 episcopum,
1938 2916 1993 2969 et
2033 2914 2313 2971 Dudonem

74 2999 552 3060 Padebornensem
595 3001 935 3057 Helmwardo
973 3001 1240 3057 mindensi
1284 3013 1500 3070 operam
1547 3001 1783 3073 dedisse,
1825 3016 1943 3057 cum
1981 3005 2154 3070 major
2190 3005 2310 3072 ejus

76 3090 319 3148 ecclesia
348 3089 564 3147 solenni
590 3092 691 3146 ritu
723 3092 1145 3146 consecraretur.
1230 3088 1511 3146 Caeterum
1533 3086 1783 3146 ottonem
1811 3093 2033 3159 apparet
2061 3103 2127 3146 ex
2154 3089 2310 3148 ltalia

74 3192 355 3237 reversum
385 3181 539 3248 regni
566 3181 869 3250 provincias
898 3177 1133 3244 obiisse;
1175 3179 1255 3233 ita
1292 3191 1390 3248 per
1436 3179 1745 3248 superiores
1774 3176 2065 3234 Germanos
2093 3180 2150 3235 in
2178 3177 2309 3236 Ost-

76 3264 258 3323 ialiam
285 3270 455 3339 venit,
485 3266 678 3324 deinde
704 3270 865 3324 rediit
890 3270 947 3323 in
974 3267 1223 3321 Sueviam
1251 3264 1319 3321 ad
1350 3267 1580 3321 comitia.
1625 3265 1706 3320 Ex
1734 3280 1801 3323 eo
1821 3281 1919 3337 per
1941 3267 2214 3327 Franciam
2242 3268 2310 3324 ad

76 3352 403 3427 westfalos,
423 3356 549 3411 inde
578 3370 676 3427 per
701 3356 1042 3414 Hassiamad
1086 3353 1382 3425 Thuringos
1409 3368 1729 3424 progressus
1759 3358 1857 3411 est.
1929 3355 1997 3412 Et
2032 3361 2306 3426 postremo

78 3443 143 3499 ad
169 3444 416 3501 Rhenum
445 3457 509 3500 se
538 3443 776 3515 contulit,
807 3449 861 3500 et
887 3443 1216 3500 Francofurti
1243 3443 1478 3500 natalem
1504 3443 1713 3500 Domini
1740 3443 2049 3501 celebravit.

215 3533 305 3588 24.
379 3533 735 3602 Berengarius
764 3532 933 3589 redux
968 3534 1309 3605 monasterio,
1337 3532 1480 3604 quod
1509 3537 1594 3588 est
1629 3534 1867 3605 Aginis,
1907 3532 2070 3589 hodie
2098 3533 2167 3589 de
2191 3534 2303 3590 Az—

80 3631 229 3693 zano,
269 3621 548 3678 dioecesis
573 3621 842 3692 Αεῐοιιείε,
877 3620 976 3676 sub
1017 3622 1280 3691 Burningo
1307 3621 1398 3677 vei
1425 3621 1690 3691 Bruningo
1719 3623 1977 3693 episcopo
2008 3619 2117 3677 tale
2141 3634 2306 3692 prae-

83 3713 295 3780 ceptum
327 3710 635 3767 concessit:
698 3709 770 3765 In
795 3723 848 3765 n.
874 3724 921 3764 s.
957 3713 1012 3765 et
1034 3712 1070 3764 i.
1105 3710 1189 3764 Tr.
1216 3709 1584 3781 Berenqarius
1623 3716 1674 3766 et
1712 3709 2037 3765 Adatbertus
2075 3712 2129 3765 d.
2161 3710 2208 3782 f.
2236 3712 2306 3782 ct¹

81 3808 252 3866 reyes.
271 3838 288 3856 .
308 3839 323 3853 .
354 3814 468 3868 pro
493 3811 685 3853 amore
708 3797 813 3852 Dei
836 3801 1253 3870 nostrarumque
1291 3801 1602 3853 animarum
1626 3799 1863 3853 remedio
1889 3799 1966 3853 ad
1994 3801 2305 3868 petitionem

82 3886 308 3957 episcopi
323 3885 598 3957 Bur-ninqi
612 3888 790 3940 nostri
807 3887 988 3941 dilecti
1005 3889 1058 3940 et
1068 3885 1244 3956 fidelis
1260 3884 1638 3955 confirmamus
1654 3886 1926 3957 coenobio,
1943 3888 2092 3958 quod
2105 3889 2306 3945 αἰσίων

81 3969 315 4046 Aqianis,
355 3976 506 4046 quod
541 3975 755 4031 videtur
795 3988 908 4028 esse
948 3979 1313 4031 constructum
1351 3978 1413 4030 in
1448 3976 1706 4030 honorem
1744 3974 1937 4030 beatae
1960 3974 2176 4032 Mariae
2201 3977 2307 4033 Dei

79 4062 364 4134 yenitricis,
406 4069 633 4118 cunctas
672 4077 762 4118 res
788 4066 842 4118 et
858 4063 1106 4133 familias
1130 4063 1266 4118 inibi
1290 4065 1638 4132 pertinentes.
1699 4060 1935 4134 Insuper
1964 4065 2303 4120 concedimus

78 4148 324 4218 praefato
352 4152 611 4206 coenobio
640 4152 827 4206 ambas
857 4156 1007 4223 ripas
1028 4150 1267 4220 fluminis
1295 4152 1550 4221 Tanagri,
1591 4166 1714 4206 cum
1755 4153 2032 4208 duodecim
2058 4151 2301 4225 pedibus,

80 4240 311 4292 nummis
336 4242 516 4294 nostri
540 4241 697 4311 regni
722 4242 1061 4311 pertinentes,
1078 4245 1403 4311 nostraeque
1420 4242 1575 4304 corti,
1593 4255 1733 4313 quae
1747 4240 1919 4296 Nonis
1934 4243 2301 4309 nuncupatur,

82 4325 407 4384 nominative
443 4331 504 4383 in
542 4343 608 4385 eo
649 4330 787 4399 loco,
826 4328 920 4384 ubi
958 4331 1133 4398 ipsum
1168 4327 1368 4397 flumen
1391 4327 1568 4398 &illuit
1607 4332 1667 4384 in
1705 4331 1883 4386 rivum
1920 4328 2299 4401 Leprosormm

84 4407 133 4458 εἰ
169 4411 231 4465 in
254 4415 433 4471 rivum
456 4417 663 4488 Azarii,
691 4421 853 4488 atque
893 4418 1267 4474 decursionem
1291 4418 1458 4488 ipsius
1479 4414 1714 4488 fluniinis
1740 4419 1818 4473 ad
1847 4421 2066 4487 portum
2091 4418 2296 4473 consti-
