2817 4959
780 238 1315 310 ANNALES
1387 225 1847 312 urrann
2291 246 2421 318 sis

546 415 681 472 cruat
700 414 922 471 tuden·
944 429 1174 487 noym
1194 417 1418 474 violacii
1442 418 1639 487 tempta
1665 422 1946 492 tyrsum.
2436 420 2660 496 bow,

180 503 471 563 Amulium
505 517 635 560 mox
670 505 926 576 nominat,
968 506 1062 575 qui
1099 505 1315 561 nonnisi
1353 519 1571 564 manses
1607 508 1660 560 ei
1688 510 1947 564 centenos
1973 509 2032 564 et
2057 508 2416 578 quaterdenos

177 595 421 665 reliquit.
473 592 592 649 Nec
615 594 804 649 mirum
832 597 934 663 est,
975 595 1234 650 maximos
1260 593 1521 651 hactenus
1548 607 1709 665 reges
1750 593 1942 653 et‘late
1968 601 2218 667 potentes
2255 614 2418 672 supra

177 684 464 740 avaritiam
483 683 808 752 rapinasque
836 680 1038 748 i’uisse;
1066 682 1393 739 mediocrem
1422 687 1599 739 autem
1618 684 1929 757 principem,
1956 689 2012 741 in
2036 684 2209 742 locum
2228 701 2414 744 eorum

177 772 589 839 subintrantem,
616 783 750 827 suae
776 783 1102 841 suorumque
1128 772 1406 841 cupiditati
1434 771 1803 830 succubuisse.
1862 773 2024 830 Certe
2053 773 2178 830 Otto
2205 775 2415 834 Frisiu-

174 863 367 932 gensis
396 861 705 934 episcopus,
747 862 901 930 quus
933 860 1198 930 judicium
1237 861 1373 930 (etsi
1400 859 1539 917 haud
1567 859 1850 918 affectuum
1876 860 1966 918 bic
1989 864 2261 935 expertis)
2298 879 2411 923 non

173 954 387 1007 temere
426 949 672 1020 spernas,
719 946 999 1005 Amulium
1028 948 1291 1005 ecclesias
1320 953 1376 1005 et
1404 951 1728 1007 monasteria
1754 950 2035 1019 Baleariae
2062 953 2415 1026 destruxisse,

171 1039 568 1112 possessiones
597 1051 778 1093 earum
804 1036 1063 1094 militibus
1092 1036 1449 1109 distribuisse,
1477 1041 1768 1095 memoriae
1794 1039 1988 1110 prodit.

316 1129 373 1183 Α.
447 1126 732 1182 Caeterum
770 1124 1018 1183 Aruulfus
1059 1125 1446 1197 qualiscunque
1498 1127 1556 1183 in
1597 1127 1841 1199 clericos,
1897 1132 2045 1185 certe
2084 1131 2415 1202 provinciam

169 1219 402 1273 strenue
429 1213 703 1283 defendit;
728 1214 888 1270 urbes
918 1216 1037 1283 ejus
1065 1216 1290 1287 ornavit,
1308 1207 1676 1289 liatisbonam,
1696 1220 1849 1286 cujus
1869 1219 2141 1288 pomoeria
2160 1218 2412 1279 Arnulfas

168 1307 472 1378 inperator
498 1302 807 1376 protulerat,
846 1302 1128 1360 moenibus
1158 1304 1338 1367 cinxit,
1377 1318 1638 1376 opusque,
1682 1305 2018 1362 distributum
2053 1308 2110 1365 in
2136 1322 2408 1380 proceres,

168 1393 523 1451 acceleravit.
576 1391 708 1447 lude
735 1391 802 1447 ad
833 1390 1234 1463 Dingoliingam,
1261 1391 1515 1464 oppidum
1542 1391 1811 1450 inferioris
1840 1395 2120 1464 Baioariae
2144 1396 2201 1451 iu
2231 1396 2413 1453 lsarae

166 1484 287 1554 ripa
318 1479 609 1538 concilium
635 1481 811 1549 gentis
841 1482 1171 1550 convocavit,
1213 1482 1262 1535 si
1289 1482 1557 1537 Aventino
1599 1482 1750 1539 tides.
1808 1482 2024 1540 Affuere
2060 1484 2407 1542 Hildebertus

164 1570 606 1638 salisburgensis
647 1567 1102 1641 archiepiscopus,
1128 1568 1450 1637 'isengrinus
1483 1569 1892 1627 Ratisbonensis
1929 1573 2237 1646 episcopus,
2270 1574 2405 1630 Ger-

169 1661 336 1716 ardus
379 1658 715 1726 Patavensis,
774 1656 1097 1713 woltra-us
1141 1656 1514 1730 Frisingensis‚
1572 1659 1856 1715 Nitbardus
1899 1651 2250 1718 Sabonens'is.
2322 1662 2405 1718 lbi

170 1748 383 1805 reddita
409 1748 537 1803 sunt
561 1745 744 1816 multa,
783 1760 923 1816 quae
951 1744 1203 1802 ecclesiis
1229 1748 1360 1803 vitia
1404 1750 1699 1817 temporum
1733 1747 1975 1804 detracta
2015 1753 2195 1816 erant,
2233 1750 2405 1808 disci-

171 1837 323 1910 plua
349 1837 513 1893 etiam
540 1845 694 1891 sacra
716 1837 1098 1892 restituta-est.
1141 1834 1306 1892 Plura
1346 1835 1417 1891 de
1455 1835 1680 1893 Arnulio
1721 1833 1963 1893 dicemus
2002 1838 2070 1893 ad
2110 1852 2160 1894 a.
2186 1838 2251 1895 D.
2279 1838 2401 1909 937,

171 1939 282 1997 qno
312 1924 572 1982 decessit.
979 1933 990 1960 ⁵

317 2015 372 2068 5.
436 2012 570 2067 Dum
598 2011 832 2068 Benrico
858 2012 1038 2069 onnia
1057 2025 1133 2068 ex
1159 2014 1430 2070 sententia
1456 2013 1777 2085 procedunt,
1818 2011 2067 2071 Carolum
2097 2002 2404 2086 'tempestas

170 2102 470 2160 concussit.
540 2099 671 2157 Cum
710 2100 850 2170 apud
890 2100 1217 2159 Suessiones
1258 2105 1424 2170 esset,
1476 2099 1578 2157 snb
1618 2102 1827 2158 initium
1866 2103 2008 2176 anni,
2062 2107 2121 2160 ut
2156 2103 2400 2177 arbitror,

166 2204 364 2248 omnes
404 2203 527 2246 eum
565 2188 826 2245 Francius
863 2175 1117 2261 proceres
1158 2190 1468 2262 deseruere,
1510 2190 1655 2261 quod
1690 2193 1848 2248 unius
1874 2190 2181 2260 Haganonis
2222 2194 2401 2249 omnia

166 2280 402 2338 consilio
442 2281 646 2347 ageret,
686 2292 846 2349 quem
884 2282 1004 2334 ortu
1042 2277 1367 2335 mediocrem
1405 2279 1477 2334 ad
1504 2291 1762 2334 summam
1787 2281 2080 2349 potentiam
2115 2282 2397 2338 extulerat.

165 2369 256 2426 lta
296 2366 645 2424 Frodoardus.
711 2365 766 2420 ls
808 2369 957 2422 certe
996 2365 1149 2421 color
1185 2366 1463 2423 ambitioni
1502 2371 1707 2424 sumtus
1751 2371 1837 2423 est
1876 2365 1944 2422 ab
1983 2367 2398 2440 indignantibus,

165 2470 374 2528 regem,
405 2456 624 2525 ingenio
654 2454 954 2525 simplicem
984 2458 1042 2511 et
1071 2455 1459 2526 occupantibus
1487 2454 1793 2527 obnoxium,
1829 2457 2103 2526 reperisse
2129 2456 2398 2515 hominem

166 2546 333 2603 fluum
371 2558 552 2614 neque
590 2547 916 2615 suspectum,
956 2545 1110 2610 cujus
1154 2543 1395 2599 consiliis
1436 2547 1842 2600 sustentaretur.
1908 2544 2088 2615 Alunt,
2130 2542 2396 2616 Carolum,

162 2649 309 2708 pace
336 2634 690 2690 Nomannica
713 2636 882 2704 parta,
924 2633 1079 2702 quasi
1118 2629 1350 2687 solutum
1391 2632 1552 2703 curis,
1596 2629 1813 2688 laxasse
1838 2632 2067 2688 aniumm
2096 2637 2153 2689 et
2178 2637 2397 2703 negotia

163 2726 224 2781 in
250 2722 602 2793 Haganonem
627 2724 906 2790 rejecisse.
948 2719 1264 2783 Ademarus,
1289 2733 1324 2774 a
1349 2718 1654 2774 Frodoardo
1682 2719 1949 2790 dissonus,
1973 2720 2113 2789 apud
2134 2719 2395 2778 Suessio-

163 2825 266 2871 nes
295 2812 503 2880 inipso
530 2815 676 2866 motu
702 2809 979 2878 llugonem
1008 2807 1271 2879 quendam
1313 2808 1562 2863 comitem
1603 2809 1877 2863 monuisse
1913 2813 2158 2864 caeteros
2186 2809 2393 2883 scribit,

163 2907 227 2959 at
266 2899 433 2955 civile
474 2897 671 2956 bellum
712 2903 993 2964 caverem
1039 2912 1164 2953 nam
1203 2895 1502 2965 Aquitanos
1545 2899 1601 2952 et
1637 2893 2019 2952 Letharieuses
2058 2911 2157 2966 pro
2197 2896 2390 2957 Garolo

161 2993 422 3046 staturos.
492 2985 573 3043 lta
611 2987 852 3043 inducias
894 2988 1074 3043 coisse
1111 2988 1170 3042 in
1207 2998 1418 3058 annum,
1461 2996 1592 3054 rege
1629 2983 1853 3041 meliora
1898 2984 2208 3056 pollicente.
2281 2987 2393 3045 Sed

157 3076 504 3135 -rrodoardus
565 3079 759 3146 narrat,
818 3077 1048 3131 caeteris
1096 3071 1473 3144 dilabentibus,
1531 3087 1690 3130 unum
1736 3072 2022 3131 Heriveum
2069 3073 2391 3136 lismensem

163 3167 631 3237 archiepiscopum
658 3177 755 3234 per
779 3167 988 3235 septem
1016 3177 1232 3221 menses
1261 3176 1444 3234 regem
1471 3164 1584 3219 suis
1611 3160 1806 3234 opibus
1834 3160 2040 3221 fovisse
2068 3164 2396 3237 tandemque

163 3252 502 3329 principibus
531 3253 933 3310 reconciliasse.

308 3342 361 3399 6.
434 3342 602 3399 Sirnul
629 3343 832 3399 indicta
856 3348 944 3399 est
967 3342 1024 3398 in
1049 3339 1337 3400 ilenricum
1363 3339 1654 3413 expeditio,
1696 3345 1988 3400 renovatae
2012 3340 2141 3399 fidei
2168 3343 2393 3415 pignus;

160 3434 287 3490 sire
316 3431 462 3503 quod
488 3430 714 3487 Carolus
755 3445 823 3487 ex
862 3435 1030 3488 morte
1059 3429 1287 3488 Conradi
1328 3443 1482 3501 spem
1522 3430 1915 3500 redintegrandi
1941 3429 2259 3486 Francorum
2285 3432 2394 3486 im·-

160 3523 304 3594 perii
347 3523 709 3593 concepisset,
764 3521 884 3576 sive
923 3520 1064 3590 quod
1105 3519 1370 3576 Heni-icus
1415 3518 1668 3589 Belgicae
1710 3519 2039 3591 repetendae
2058 3516 2391 3575 voluntatem

158 3610 516 3667 ostendisset.
569 3609 640 3664 Et
666 3607 891 3665 Carolus
917 3623 1015 3679 per
1043 3622 1187 3665 arma
1213 3613 1566 3688 occupaturus
1596 3620 1865 3679 proceres,
1890 3620 2060 3662 novas
2087 3605 2391 3663 ambitiosis

161 3714 296 3773 spes
325 3699 492 3756 dabat
519 3712 587 3755 ex
613 3697 793 3754 alieno
821 3696 1116 3770 crescendi,
1156 3699 1205 3753 si
1232 3709 1521 3754 successus
1549 3694 1808 3752 affuisset.
1862 3694 2049 3764 ltaque
2077 3708 2196 3750 cum
2224 3708 2399 3752 exer-2

158 3793 273 3846 citu
297 3792 357 3846 in
385 3801 579 3858 pagum
604 3786 1065 3857 Wormatiensem,
1106 3781 1287 3842 adulta
1311 3788 1424 3856 jam
1451 3788 1676 3855 aestate,
1709 3784 1925 3854 irrupit3
1968 3786 2131 3854 atque
2155 3782 2260 3839 boe
2286 3788 2393 3857 est,

158 3878 305 3949 quod
331 3876 500 3934 babet
517 3875 850 3932 Hermannus
875 3874 1194 3930 Contractus
1216 3873 1437 3947 canisii,
1465 3872 1714 3930 carolum
1738 3874 1794 3927 in
1821 3871 2097 3928 Franciam
2122 3875 2390 3943 (nostram

159 3966 382 4023 scilieet
406 3979 509 4022 seu
535 3963 887 4033 orientalem)
912 3964 1150 4021 venisse.
1210 3964 1390 4035 Atque
1431 3962 1536 4020 huc
1562 3963 1832 4035 pertinere
1859 3958 2115 4031 arbitron
2161 3962 2305 4032 quod
2331 3963 2391 4020 ln

159 4058 538 4112 continuatore
562 4052 854 4122 Reginonis
900 4064 1039 4108 auno
1066 4064 1174 4108 non
1202 4065 1319 4125 suo,
1359 4051 1415 4107 id
1443 4054 1529 4108 est
1555 4066 1602 4107 a.
1628 4050 1694 4106 D.
1722 4049 1845 4123 923,
1886 4051 2123 4120 positum
2150 4052 2387 4123 apparet,

159 4142 414 4200 carolum
440 4143 701 4199 Alsatiam
730 4145 786 4199 et
811 4140 1086 4197 Franciam
1112 4139 1466 4214 Rhenensem,
1506 4140 1830 4209 moguntiam
1869 4153 2062 4213 usque,
2103 4138 2209 4196 sibi
2248 4137 2389 4195 sub-

157 4235 444 4303 lecturam,
487 4232 555 4288 ad
599 4229 1017 4290 Paltennicbeim
1061 4230 1245 4285 villam
1282 4232 1438 4299 Juxta
1481 4225 1825 4286 wormatiam
1880 4230 2227 4301 pervenisse;
2284 4226 2386 4284 sed

162 4319 483 4377 coeuntibus
524 4319 742 4376 ilenriei
782 4320 968 4376 amicis
1009 4320 1264 4391 territum,
1303 4331 1491 4390 parum
1525 4319 1724 4377 decore
1758 4316 2052 4389 aufugisse.
2114 4314 2388 4373 Credibile

164 4413 266 4480 est,
311 4407 422 4464 boe
463 4407 643 4465 Caroli
687 4415 835 4467 motu
878 4408 1237 4468 acceleratam
1290 4421 1485 4480 pacem
1537 4421 1656 4466 cum
1699 4406 1943 4477 Arnulfo,
1999 4407 2058 4463 et
2097 4401 2387 4464 mutim
