2817 4959
580 304 1164 418 ANNALliS
1233 308 1695 376 IMPERII
2123 313 2276 381 1289

37 483 404 557 Luitprandus
432 485 549 539 erat
573 480 683 539 illis
712 482 1043 554 temporibus
1070 484 1369 564 proximus:
1409 497 1535 542 nam
1564 499 1684 541 cum
1710 485 1988 559 scriberet,
2013 487 2271 558 regnabat
2294 490 2510 561 &916-

37 574 216 632 adbuc
255 574 355 629 ille
395 574 514 642 ipse
544 571 939 643 Constantinus,
983 572 1081 627 snb
1112 587 1217 641 quo
1259 585 1348 628 res
1385 580 1540 642 gesta
1582 577 1682 629 est.
1745 573 1847 629 Eat
1883 590 2026 632 nunc
2065 577 2275 652 aliquis,

38 669 94 720 et
123 661 375 734 scriptori
403 666 511 716 tam
537 659 832 730 negligenti
861 676 1017 732 quam
1047 660 1328 732 maledico*
1370 663 1437 717 de
1465 661 1681 717 Arnulfo
1712 666 1953 733 augusto,
1991 665 2058 720 de
2087 666 2273 736 Sergio

37 768 102 809 ac
130 752 200 808 de
227 749 476 806 iohanne
503 756 728 820 utroque
756 749 1118 823 pontificibus,
1148 748 1216 806 de
1239 749 1396 805 Beria
1425 755 1481 807 et
1504 750 1862 820 Ermingarda,
1891 752 1959 809 de
1981 751 2274 824 Theodora,

38 843 106 897 de
145 841 402 909 Maronia,
443 836 743 894 illustribus
782 837 1051 910 foeminis,
1091 838 1309 944 haustas
1351 839 1422 894 de
1462 837 1619 896 faece
1648 840 1825 912 plebis
1851 843 2274 899 narratiunculas

36 931 367 1002 propinanti,
395 926 536 982 fidat.
845 941 849 949 ’

177 1017 270 1073 20.
344 1014 404 1070 ld
431 1028 616 1071 verum
645 1029 772 1073 esse
814 1021 1012 1089 potest,
1059 1016 1202 1088 quod
1241 1015 1423 1089 habet,
1458 1020 1715 1088 juvenem
1744 1017 2009 1089 quendam
2037 1017 2274 1076 Maurum

37 1108 251 1177 injuriis
277 1106 558 1177 irritatum,
588 1106 817 1162 desertis
846 1106 960 1161 suis
988 1107 1054 1162 ad
1084 1104 1391 1176 pontificem
1422 1108 1705 1164 maximum
1728 1109 1964 1179 venisse,
1996 1111 2051 1164 et
2077 1108 2275 1164 auxilia

39 1196 324 1264 sexaginta
351 1194 584 1248 virorum
611 1205 769 1256 manu
796 1200 1137 1265 promtorum,
1166 1209 1271 1250 nec
1296 1195 1404 1249 nisi
1430 1195 1671 1264 singulas
1699 1209 1926 1266 ραι-ωας,
1947 1210 2127 1268 enses,
2146 1197 2275 1268 pila,

40 1284 430 1357 simplicesque
469 1286 652 1338 vestes
696 1295 813 1337 cum
855 1283 1083 1353 pauculo
1125 1282 1372 1356 obsonio,
1395 1282 1699 1356 ferentium,
1742 1284 1810 1339 ad
1837 1283 2058 1339 insidias
2099 1286 2276 1355 impe-

38 1379 247 1429 trasse:
284 1373 365 1426 ita
393 1371 589 1427 multos
617 1369 957 1427 barbarorum
998 1374 1228 1442 periisse
1257 1377 1371 1428 arte
1400 1371 1647 1444 hominis,
1675 1383 1764 1428 res
1790 1388 1975 1430 eorum
2005 1385 2278 1429 commea-

43 1467 240 1532 tusque
265 1464 458 1517 exacte
484 1462 789 1527 noscentis3
821 1464 928 1515 tum
953 1474 1020 1515 ex
1042 1474 1301 1528 successu
1319 1460 1523 1518 viribus
1551 1468 1781 1532 auctum,
1811 1475 2015 1531 omnes,
2044 1463 2275 1520 desertis

45 1551 199 1621 agris,
227 1551 284 1605 in
309 1561 470 1603 unam
500 1561 678 1604 arcem
706 1550 871 1604 monti
899 1551 1201 1620 impositam
1233 1549 1573 1621 compulisse.
1628 1548 1709 1605 Ex
1736 1563 1803 1606 eo
1832 1549 2064 1622 denique
2091 1554 2275 1623 ponti-

43 1638 194 1696 ficem
226 1652 349 1693 cum
376 1637 568 1691 vicinis
601 1631 815 1691 delendi
840 1636 1012 1692 hostis
1041 1637 1324 1692 consilium
1354 1641 1588 1708 cepisse.

176 1727 266 1781 21.
325 1723 457 1781 Cum
477 1739 605 1793 ergo
627 1722 949 1780 Graecorum
971 1725 1162 1781 classis
1182 1726 1392 1807 flumen‘
1405 1724 1646 1797 subienS,
1674 1725 1893 1782 militem
1914 1729 2273 1800 exposuisset,

45 1816 346 1885 conjunctis
388 1816 561 1883 copiis
601 1816 657 1869 in
701 1813 962 1869 adversos
1007 1816 1136 1870 itum
1184 1819 1285 1886 est,
1335 1816 1731 1884 commissoque
1776 1815 1979 1886 praelio
2025 1819 2080 1872 iu
2126 1817 2273 1873 aditu

39 1907 253 1974 montis,
300 1903 572 1972 Saraceni,
617 1906 901 1972 postquam
947 1904 1140 1957 acriter
1184 1907 1591 1973 repugnassent,
1637 1903 1958 1959 multitudini
1996 1905 2272 1975 cedentes,

40 2007 158 2050 sese
201 1995 263 2047 in
304 1992 577 2061 angustias
603 1991 806 2045 viarum
852 1993 1165 2058 conjecere3
1207 1997 1264 2045 et
1304 1991 1519 2046 tandem
1558 1990 1643 2045 bis
1674 2005 1887 2061 quoque
1928 1992 2176 2063 desertis,
2219 1995 2277 2050 in

36 2084 213 2152 ipsum
246 2076 394 2136 'sese
437 2079 818 2135 munimentum
863 2075 1151 2135 inclusere.
1225 2079 1307 2134 Ad
1351 2094 1510 2135 unum
1557 2092 1743 2135 omnes
1790 2082 2000 2149 perisse
2044 2082 2275 2152 tandem,

34 2168 395 2241 Luitprandus
437 2169 683 2237 scripsit:
735 2167 832 2222 sed
876 2165 1144 2223 Ostiensis
1186 2169 1477 2237 episcopus
1523 2182 1637 2222 rem
1680 2169 1981 2224 distinctius
2023 2169 2275 2241 explicat,

34 2259 317 2315 Nicolaum
362 2258 655 2328 patricium,
701 2254 947 2311 faventes
992 2256 1275 2311 Saracenis
1340 2255 1648 2325 Gregorium
1693 2256 2163 2326 Neapolitanorum
2216 2263 2277 2315 et

33 2345 336 2404 lohannem
366 2344 951 2415 Cajetanorumduces,
980 2345 1161 2399 oblato
1190 2346 1499 2413 patriciatus
1527 2343 1746 2417 honore,
1776 2343 1841 2399 ab
1870 2345 2114 2401 hostibus
2144 2344 2277 2403 abs-

33 2437 299 2501 traxissffi
344 2433 541 2489 deinde
581 2446 701 2496 cum
743 2447 884 2504 papa
923 2439 979 2490 et
1020 2432 1273 2488 Alberico
1317 2432 1624 2489 marchione
1666 2432 1939 2491 obsidioni
1978 2436 2273 2503 institisse;

33 2537 178 2592 quma
205 2537 330 2578 cum
360 2521 612 2577 trimestri
650 2523 828 2592 spatio
871 2520 1133 2591 durasset,
1173 2521 1387 2577 Mauros
1430 2521 1699 2579 alimentis
1741 2523 2134 2595 deficientibus,
2174 2521 2274 2579 Jo-

28 2609 210 2667 banne
240 2611 406 2666 etiam
431 2613 489 2665 et
517 2608 774 2679 Gregorio
804 2608 1016 2664 occulte
1052 2608 1417 2679 suadentibus,
1460 2611 1798 2680 eruptionem
1834 2616 2093 2681 tentasse,
2136 2613 2273 2668 etin

30 2704 254 2756 montes
294 2699 585 2770 sylvasque
622 2698 829 2754 vicinas
869 2697 1090 2768 fugisse,
1131 2696 1227 2753 sed
1269 2696 1718 2768 persequentibus
1759 2700 1990 2755 inimicis
2018 2703 2110 2754 vix
2135 2713 2276 2768 pau-

32 2789 291 2844 cissimos
338 2788 599 2843 evasisse.
670 2785 952 2842 Caeterum
999 2790 1141 2842 errat
1185 2783 1474 2856 Ostiensis,
1516 2786 1661 2855 quod
1703 2790 1913 2857 captum
1951 2785 2276 2843 Garilianuin

29 2876 204 2933 refert
245 2879 304 2932 in
343 2889 538 2932 annum
576 2874 989 2947 praecedentem
1027 2873 1135 2928 ind.
1165 2874 1216 2945 3,
1258 2873 1401 2943 quod
1443 2886 1511 2928 ex
1551 2873 1691 2938 falso
1726 2878 1976 2943 computo
2018 2888 2273 2930 annorum

30 2963 296 3022 lobannis
322 2971 505 3024 natum
534 2969 636 3034 est,
673 2967 825 3034 cujus
853 2965 1012 3020 tertio
1042 2976 1180 3018 auno
1208 2976 1321 3017 rem
1348 2964 1571 3034 gestam,
1599 2964 1720 3031 ipse
1748 2964 2007 3031 agnoscit.
2063 2960 2116 3015 Is
2143 2973 2275 3017 vero

31 3055 223 3111 incidit
253 3057 308 3110 in
336 3057 692 3128 praesentem.
729 3052 863 3108 Sunt
882 3053 972 3122 qui
995 3050 1247 3122 scribunt,
1273 3052 1463 3120 paucis
1491 3056 1616 3122 post
1642 3052 1796 3107 annis
1815 3049 1954 3106 alios
1973 3049 2275 3108 Saracenos

35 3156 104 3199 ex
137 3143 330 3200 Africa
370 3143 427 3198 in
465 3141 649 3197 borum
692 3142 866 3197 locum
899 3141 1135 3210 venisse,
1177 3140 1463 3210 positaque
1505 3138 1639 3194 sede
1680 3141 1736 3195 in
1776 3143 1957 3195 monte
1998 3137 2053 3194 S.
2082 3138 2276 3209 Angeli

37 3230 345 3288 Calabriam
372 3232 729 3301 Apuliamque
756 3230 846 3284 diu
873 3233 1135 3300 vastasse,
1172 3227 1240 3285 de
1270 3242 1375 3297 quo
1405 3228 1646 3284 dicemus
1674 3228 1743 3284 ad
1771 3241 1819 3284 a.
1849 3226 1910 3282 D.
1940 3227 2061 3285 920.

174 3320 265 3375 22.
339 3318 668 3388 Ragiuarius‚
699 3319 974 3387 primarius
1004 3315 1428 3373 Lotbariensium
1456 3317 1724 3389 princeps,
1763 3318 1908 3373 circa
1933 3315 2039 3373 boc
2065 3321 2277 3388 tempus

38 3405 190 3480 obiit,
233 3407 532 3464 secundum
577 3410 888 3475 excerptum
935 3403 1128 3460 Gallici
1171 3407 1451 3477 scriptoris
1495 3406 1636 3475 apud
1680 3405 1981 3464 Conradum
2025 3404 2274 3461 abbatem

35 3494 466 3566 Ursbergensem
501 3494 794 3550 fidissimus
839 3495 1064 3564 partium
1092 3491 1272 3550 Caroli
1300 3499 1459 3550 tutor.
1522 3494 1643 3550 Dux
1669 3494 1974 3550 Hasbaniae
2002 3492 2275 3550 historicis

37 3581 390 3651 lior-annin
432 3586 547 3652 regi
587 3586 692 3654 ipsi
733 3581 929 3638 Carolo
969 3583 1204 3639 marchio
1244 3581 1563 3655 appellatur,
1607 3597 1745 3653 quae
1775 3587 1902 3638 tunc
1937 3581 2054 3637 iere
2081 3581 2277 3646 eodem

37 3673 300 3739 redibant,
341 3677 399 3729 et
440 3686 560 3728 cum
602 3673 884 3727 autoritate
924 3672 1158 3740 primarii
1198 3674 1410 3728 comitis
1451 3673 1569 3726 sive
1608 3670 1763 3725 missi
1787 3671 1922 3738 regii
1950 3673 2275 3738 potestatem

37 3763 116 3816 rei
155 3762 405 3817 militaris
447 3759 661 3817 dabant.
729 3758 1041 3829 Cognomen
1073 3759 1375 3830 ·Longicolli
1416 3759 1576 3829 vulgo
1619 3757 1755 3829 tulit,
1797 3758 1938 3827 quod
1974 3760 2032 3814 in
2073 3763 2277 3830 nepote

35 3851 323 3920 repetitum
367 3854 468 3905 est.
548 3848 715 3906 Natus
762 3848 996 3904 creditur
1051 3861 1119 3905 ex
1161 3845 1467 3906 Giselberto
1520 3849 1717 3903 comite
1755 3846 2176 3903 mansuariorum
2219 3853 2276 3905 et

33 3934 420 4009 Ermengarde,
477 3935 588 3993 filia
628 3935 866 3993 Lotbarii
911 3938 1151 4005 augusti;
1207 3941 1328 4008 ipse
1372 3940 1597 3994 maritus
1640 3934 1927 4006 Albradae,
1969 3939 2124 4007 pater
2166 3945 2279 3994 nou

31 4031 244 4083 tantan
287 4025 583 4083 Giselberti
629 4025 780 4081 ducis
825 4024 1267 4098 Lotbariensiunn
1319 4028 1414 4097 qui
1457 4027 1650 4095 postea
1696 4021 2017 4093 Gerbergam
2057 4024 2277 4082 Hearioi

23 4113 278 4183 aucupis
317 4114 481 4170 liliam
523 4114 686 4186 duxit,
742 4113 839 4170 sed
885 4117 945 4169 et
979 4112 1252 4172 Lamberti
1298 4115 1509 4174 comitis
1549 4112 1871 4183 Hasbaniae,
1913 4118 1967 4169 et
2008 4113 2277 4183 Baginarii

25 4203 258 4258 comitis
283 4202 683 4272 flamonienses,
721 4204 811 4272 qui
839 4217 908 4258 ex
936 4202 1048 4259 filia
1072 4202 1298 4273 liudolfi,
1333 4217 1432 4274 pro
1456 4215 1589 4272 rege
1616 4215 1649 4256 a
1675 4200 1893 4256 Francis
1921 4201 2281 4260 occidentali-

23 4288 134 4346 bus
165 4288 357 4361 habiti,
396 4305 563 4360 genus
601 4294 933 4363 propagavit.
998 4290 1336 4349 Giselbertus
1374 4294 1433 4346 in
1473 4291 1643 4361 patris
1672 4290 1983 4361 dignitatem
2009 4290 2278 4346 suceessit

23 4386 80 4435 et
111 4377 480 4436 Lotbariense
507 4395 728 4449 regnum
755 4381 855 4438 sub
886 4379 1082 4440 Carolo
1109 4379 1527 4447 administravit3
1573 4379 1671 4438 sed
1700 4378 1895 4439 deinde
1920 4381 1979 4438 in
2006 4379 2277 4435 dominum

21 4467 298 4522 surrexit.

113 4581 287 4616 ιιι
298 4584 587 4619 ιιιι-ιιι
599 4585 796 4619 uzon.
823 4573 887 4620 11.
1770 4580 1853 4643 19
