2817 4959
499 292 623 357 392
1077 280 1614 350 ANNALES
1683 276 2137 346 IMPERII

247 470 313 538 Α,
333 465 472 537 m,
500 480 620 522 cum
647 477 680 519 a
704 463 984 520 Germanis
1010 459 1351 529 incoleretur,
1393 470 1464 514 ex
1498 455 1814 514 Germanico
1842 452 2291 522 Brandeburgum,
2334 449 2393 506 id
2418 456 2519 507 est
2548 453 2747 507 titianus

495 553 584 611 vel
621 552 860 610 incendii
901 553 1150 621 castrum,
1190 547 1543 619 interpretati,
1592 558 1691 601 sua
1730 544 1911 613 lingua
1953 540 2248 614 Zyorzelek
2286 545 2534 610 vertere,
2582 539 2645 594 id
2674 549 2747 596 est

494 643 690 713 locum,
731 641 823 712 qui
864 639 1190 709 deflagravit.
1267 637 1366 693 Est
1405 638 1462 692 in
1501 639 1684 691 monte
1724 632 1840 688 illic
1878 636 2145 687 structura
2182 629 2375 700 templi
2415 629 2739 700 perantiqui,

496 731 782 801 singularis
822 729 1130 799 splendoris
1165 726 1369 797 antiqui
1411 726 1585 794 testis,
1626 735 1765 794 quae
1795 725 1907 792 jam
1945 719 2198 789 neglecta
2230 720 2445 774 ruinam
2486 719 2741 773 minatur

496 820 711 878 incolae
738 819 881 874 enim
916 830 1014 887 per
1040 815 1377 872 Germaniam
1403 813 1718 885 plerumque
1747 824 1815 867 ex
1840 808 2111 865 montibus
2150 809 2208 862 in
2234 805 2403 878 plana
2428 806 2745 863 descende-

497 911 633 978 runt,
662 911 718 963 et
743 906 900 977 ipsae
926 904 1198 978 speculae,
1241 915 1379 973 quae
1409 903 1465 957 in
1493 899 1689 958 finibus
1730 898 1956 968 amplius
1983 909 2093 953 non
2120 898 2259 965 sunt,
2300 897 2561 952 assuetis
2588 898 2748 965 quiet·

499 995 731 1069 populis,
757 993 1001 1051 adhiberi
1027 991 1270 1060 desiere3
1319 1002 1390 1046 ex
1424 990 1528 1046 hac
1554 994 1702 1047 certe
1730 985 2159 1055 Brandeburgica
2190 998 2334 1042 nunc
2362 984 2569 1041 utilius
2598 991 2745 1048 astru,

498 1099 658 1156 quam
683 1084 870 1141 hostes
897 1081 1323 1138 observarentur.

642 1175 693 1229 7.
765 1171 878 1228 Rex
904 1183 1164 1226 successu
1193 1169 1463 1238 incitatae,
1487 1170 1543 1223 et
1563 1169 1677 1237 jam
1703 1177 1985 1235 regressus
2012 1166 2092 1219 cis
2121 1162 2316 1233 Albim,
2346 1164 2465 1217 vim
2494 1163 2565 1219 iu
2594 1162 2749 1219 Dale-

501 1263 727 1319 mincioe
755 1262 1036 1332 convertit,
1063 1257 1345 1326 ‘thuringis
1369 1257 1731 1325 imminentes,
1770 1259 2014 1310 veterem
2038 1251 2249 1308 bostem
2278 1265 2454 1322 suurn,
2504 1254 2571 1307 iu
2602 1266 2749 1322 que-

497 1352 714 1422 Juvenis
752 1365 784 1406 a
825 1351 977 1420 patre
1023 1348 1163 1403 duce
1204 1348 1421 1415 missus,
1465 1342 1690 1398 militiae
1738 1341 2042 1398 tirocinium
2086 1345 2361 1411 posuerat.
2446 1338 2576 1397 Sed
2623 1355 2750 1397 aunt

500 1437 792 1509 madoribus
821 1438 1077 1507 auspiciis
1103 1433 1373 1492 veniebat.
1436 1429 1748 1501 Sigebertus
1777 1433 1833 1487 et
1859 1428 1953 1485 alii
1980 1430 2257 1499 regionum
2285 1428 2430 1485 haud
2458 1433 2639 1500 periti
2664 1446 2752 1502 mo

498 1525 863 1597 Daleminciis‚
903 1529 1088 1594 ignoto
1127 1525 1362 1593 nomine,
1404 1519 1678 1576 Dalmatas
1723 1531 1977 1590 posuere.
2063 1518 2398 1589 Dalemincii,
2449 1521 2555 1589 qui
2598 1519 2754 1575 bodie

500 1616 825 1686 Hisnenses,
869 1618 1008 1685 tunc,
1049 1616 1108 1669 ut
1145 1614 1392 1682 apparet,
1428 1623 1554 1681 pars
1596 1611 1877 1680 potissima
1902 1606 2225 1663 soraborum
2267 1606 2441 1679 fuere,
2481 1611 2591 1678 qui
2625 1611 2753 1663 iutra

500 1705 682 1761 Salam
708 1706 767 1759 et
791 1702 986 1772 Albim,
1028 1705 1086 1758 et
1109 1700 1250 1756 ultra
1285 1698 1429 1754 bunc
1454 1712 1615 1768 agros
1643 1694 1913 1755 colebant.
1972 1695 2147 1752 Fluvii
2174 1697 2256 1751 cis
2278 1696 2463 1752 Albim
2491 1700 2749 1769 pri-arii,

501 1793 702 1850 Blister
739 1796 798 1850 et
833 1792 1016 1848 uulda
1056 1788 1272 1868 duplex.
1347 1789 1430 1845 Ab
1467 1787 1668 1843 Elistro
1709 1789 1829 1843 sire
1866 1785 2046 1842 Elstra
2087 1784 2513 1841 Olsterlaudiam
2560 1787 2751 1842 dicta·

505 1885 767 1954 suspicor,
826 1894 986 1950 quam
1030 1878 1229 1937 deiude
1272 1877 1489 1948 quidam
1532 1877 1589 1932 in
1634 1874 2027 1933 Osterlandiam
2077 1875 2352 1944 verterint,
2402 1872 2748 1946 Thur-ingia-

505 1972 772 2043 quandam
817 1967 1136 2026 orientalem
1181 1966 1668 2023 comminiscentes.
1750 1963 2199 2021 Daleminciorum
2256 1977 2446 2033 pagus,
2506 1963 2749 2021 Glomazi

503 2062 725 2117 nomine
749 2060 852 2131 (de
875 2072 982 2128 quo
1012 2056 1224 2126 supra),
1250 2053 1375 2109 Albi
1403 2055 1639 2125 propior,
1669 2052 1854 2109 urbem
1881 2052 2067 2108 babuit
2092 2051 2309 2122 Ganm,
2338 2054 2413 2108 ita
2443 2055 2604 2109 eni-
2631 2058 2745 2126 (pre

505 2145 684 2205 Grona
711 2152 802 2204 aut
826 2147 1022 2202 Kietna
1049 2145 1333 2214 corruptis,
1360 2149 1422 2199 ut
1447 2142 1697 2214 videtur),
1738 2146 1897 2197 vetus
1926 2140 2201 2198 witikindi
2229 2140 2404 2197 codex
2431 2139 2744 2199 casine-sis

503 2233 685 2306 babet,
726 2239 784 2292 et
819 2235 896 2289 ita
933 2234 1066 2302 legit
1106 2235 1270 2289 etiam
1295 2229 1626 2301 Sigebertus.
1688 2230 1991 2286 assentitur
2019 2229 2387 2302 Gundliagias,
2424 2231 2485 2286 in
2512 2229 2665 2288 libro
2689 2231 2745 2288 de

505 2322 738 2379 ilenrico
767 2322 991 2391 Aucupe
1019 2320 1179 2375 docte
1220 2318 1517 2389 elaborato,
1560 2321 1713 2388 cujus
1756 2318 2039 2388 diligentia
2074 2318 2163 2374 bic
2201 2319 2371 2388 adiuti
2410 2333 2629 2376 snmus.
2689 2320 2744 2375 st

504 2411 665 2467 bodie
703 2410 772 2466 ad
806 2411 976 2464 rivum
1006 2408 1210 2466 Hauam
1240 2408 1378 2465 Jaua
1420 2413 1686 2480 superest,
1728 2406 1984 2476 ignobilis
2010 2407 2182 2480 locus,
2212 2407 2310 2464 sed
2337 2411 2469 2463 tunc
2500 2413 2743 2480 primaria

507 2499 635 2556 urbs
680 2497 1147 2556 Daleminciorum.
1213 2496 1344 2552 Eam
1386 2496 1650 2553 Hearicus
1691 2497 1969 2569 obsideas,
2010 2499 2268 2567 vigesima
2295 2496 2511 2552 demum
2540 2497 2637 2555 die
2662 2512 2747 2570 per

505 2590 613 2645 vim
634 2589 807 2659 cepit:
836 2589 916 2643 ira
933 2589 1195 2643 victorum
1214 2586 1301 2642 vel
1332 2585 1579 2658 consilio,
1607 2587 1665 2642 in
1693 2590 1947 2643 terrorem
1977 2586 2211 2656 puberes
2239 2598 2428 2641 omnes
2456 2586 2742 2656 interfecti,

508 2681 696 2735 tenera
731 2679 887 2734 aetas
930 2676 1227 2745 captivitati
1267 2681 1484 2732 servata
1524 2679 1622 2745 est,
1671 2675 1871 2747 praeda
1912 2674 2066 2730 militi
2095 2676 2278 2733 cessit.
2340 2673 2625 2732 Credibile
2654 2683 2739 2738 est

473 2765 645 2822 ⁴lianc
685 2763 857 2822 fuisse
895 2766 1172 2835 regionem
1213 2763 1557 2823 Genebanam
1593 2766 1664 2821 ad
1704 2764 1899 2835 Albim,
1945 2778 2102 2835 quam
2139 2762 2317 2832 Magni
2357 2762 2543 2820 Caroli
2586 2765 2742 2823 duces

511 2871 557 2911 a.
587 2852 651 2912 1).
679 2854 804 2911 805.
831 2860 1135 2912 vastavere.

648 2943 701 3000 8.
758 2943 921 3014 Tunc,
952 2943 1093 3014 quod
1122 2942 1390 2999 Ditmarus
1426 2946 1716 3015 episcopus
1755 2942 2041 2999 Witikindo
2070 2941 2327 2998 historico
2353 2941 2523 3012 addit,
2551 2941 2742 2999 iactura
2808 3005 2809 3024 χ

511 3034 660 3103 puto,
682 3035 742 3087 ut
767 3035 1001 3087 montem
1021 3033 1253 3087 vicinum
1283 3032 1348 3088 ad
1370 3034 1673 3088 citeriorem
1691 3031 1843 3087 Albis
1863 3033 2049 3102 ripam,
2077 3030 2335 3088 obsitum
2350 3043 2451 3086 rex
2469 3030 2741 3101 deligeret,
2808 3031 2809 3044 ¹

511 3123 847 3192 purgatoque
887 3119 954 3174 ab
997 3117 1277 3175 arboribus
1316 3119 1460 3189 loco,
1500 3134 1675 3175 arcem
1716 3121 2032 3191 imponeret,
2072 3127 2213 3189 quae
2240 3131 2274 3176 a
2298 3119 2475 3175 rivulo
2504 3127 2740 3191 praeter·
2806 3155 2809 3176 ι

511 3207 710 3264 fluente
737 3204 914 3261 bitena
942 3206 1085 3263 dicta
1112 3212 1216 3264 est.
1265 3206 1344 3262 lbi
1370 3209 1696 3278 praesidinm
1716 3207 2018 3279 collocavit,
2047 3209 2362 3264 coercendis
2382 3207 2739 3279 Dalemiuciis,

509 3298 570 3353 et
595 3297 755 3351 armis
783 3297 841 3350 in
865 3293 1123 3351 ulteriora
1151 3293 1506 3367 proferendis.
1560 3295 1641 3353 Ea
1667 3294 2029 3353 marchionum
2056 3296 2410 3368 orientalium,
2438 3302 2533 3368 qui
2560 3303 2739 3369 postea

511 3383 818 3441 misnenses
859 3383 989 3439 dicti
1032 3386 1172 3452 sunt,
1213 3385 1363 3452 origo
1406 3383 1524 3439 luit.
1606 3384 1896 3454 Burgravio
1938 3388 2058 3442 sive
2099 3385 2399 3443 castellano
2442 3391 2737 3445 contentu-

511 3477 640 3532 tunc
665 3474 724 3530 in
751 3470 923 3532 uim
962 3485 1091 3529 arce
1121 3472 1408 3528 ilenricum
1448 3472 1638 3545 fuisse,
1672 3477 1869 3545 putem,
1902 3475 2002 3531 sed
2039 3474 2359 3531 marchIonis
2387 3474 2625 3533 officium
2649 3490 2739 3546 pet

512 3563 776 3623 adversos
816 3559 1054 3618 Sorabos
1095 3563 1413 3619 exercuisse
1465 3561 1627 3632 paulo
1670 3567 1795 3633 post
1829 3562 2153 3632 sigefridum
2197 3565 2449 3619 comitem
2475 3564 2733 3621 uerebar-

514 3665 739 3721 gensem
763 3654 855 3725 (ut
881 3651 1082 3708 diserte
1108 3650 1425 3722 immarus),
1467 3649 1682 3708 affinem
1709 3655 1872 3724 regis,
1900 3655 2055 3723 cujus
2083 3666 2215 3709 uxor
2240 3654 2388 3723 prior
2412 3653 2731 3722 flamingis,

513 3740 699 3798 Ervinl
725 3742 936 3798 comitis
963 3739 1094 3812 filia,
1129 3738 1382 3810 sigefridi
1408 3743 1713 3812 matertera,
1743 3740 1955 3799 fuisset.

655 3830 707 3886 9.
776 3830 859 3886 Ex
895 3830 1069 3888 Hisne
1101 3833 1273 3901 (mox,
1315 3844 1384 3887 an
1421 3834 1545 3900 post
1586 3831 1801 3900 aliquod
1843 3832 2102 3902 temporis
2141 3830 2567 3903 intervallum)
2602 3837 2735 3888 trans

514 3916 710 3988 Albim,
750 3932 940 4006 mersus
980 3920 1202 3993 Spream
1229 3932 1442 3976 amnem
1470 3917 1687 3976 Milzeni
1717 3919 1944 3994 subacti,
1987 3920 2237 3977 tributum
2272 3922 2389 3991 regi
2423 3922 2737 3994 pependere,

516 4007 708 4063 eodem
739 4006 977 4064 Ditmaro
1006 4013 1208 4065 autore.
1269 4007 1350 4063 Ea
1389 4010 1540 4078 regio
1582 4008 1745 4065 bodie
1779 4010 1851 4066 ad
1877 4009 2145 4068 Lusutiam
2174 4011 2422 4082 pertinet.
2487 4009 2735 4067 Lebusau

516 4093 701 4151 urbem
729 4109 946 4167 quoque
981 4111 1078 4153 rex
1103 4097 1347 4168 obtinuit,
1388 4099 1880 4170 monimentumque
1924 4100 1982 4155 in
2009 4113 2079 4156 ea
2112 4098 2439 4155 collocatum
2481 4100 2734 4156 deditione

518 4183 678 4255 cepit.
758 4182 868 4239 Sed
909 4185 1037 4240 urbs
1071 4189 1128 4242 m
1169 4199 1238 4243 eo
1281 4187 1506 4243 tunultu
1548 4187 1908 4260 conflagravit,
1954 4187 2207 4259 additque
2245 4187 2536 4260 Ditmarns,
2578 4203 2643 4244 ex
2676 4200 2733 4241 eo

517 4277 760 4345 tempore
800 4270 1099 4330 habitatore
1139 4276 1397 4333 caruisse.
1473 4275 1555 4334 lta
1596 4278 1852 4347 paulatim
1882 4276 2072 4334 coloni
2111 4276 2383 4334 Saxonum
2428 4278 2486 4332 in
2526 4288 2595 4332 ea
2628 4277 2729 4332 loca

520 4361 751 4432 profecti
791 4367 929 4434 sunt,
968 4362 1180 4433 ipsique
1223 4363 1433 4435 sorabi,
1476 4370 1535 4421 ut
1582 4365 1858 4436 placerent
1902 4364 2152 4438 dominis,
2194 4365 2429 4435 linguam
2472 4365 2727 4436 pristiam

524 4450 845 4524 dedidicere,
884 4454 942 4507 ut
982 4450 1141 4508 bodie
1183 4466 1352 4522 pauca
1381 4452 1633 4511 Winidici
1675 4457 1939 4512 sermonis
1980 4456 2100 4513 loca
2137 4455 2422 4527 superstat.
2489 4451 2646 4510 Porro
2670 4465 2723 4508 eo
