2817 4959
703 415 1238 484 ANNALES
1301 416 1757 486 IMPERII
2226 421 2357 489 309

124 592 396 648 Saxonum
412 589 648 648 electum
661 589 864 647 scribit.
891 589 1136 647 Delatum
1152 605 1338 647 munus
1355 591 1616 665 modeste,
1630 596 1703 665 et,
1716 598 1773 651 ut
1791 594 1868 650 ita
1885 594 2075 667 dicam,
2094 594 2355 665 religiose
2379 597 2444 668 Α,
2467 597 2604 670 919.

122 680 382 751 suscepit,
423 682 504 734 uti
529 677 879 750 intelligeres,
918 693 1108 750 patene
1135 682 1322 751 magis,
1363 695 1521 751 quam
1549 685 1754 754 petere,
1795 685 1851 739 et
1876 683 2148 739 solicitum
2175 682 2355 756 futuri,

121 771 329 825 sentire
367 767 594 838 pondus,
636 767 777 837 quod
813 770 1191 838 imponerent.
1262 767 1519 826 invocato
1547 770 1727 825 divino
1755 772 1986 843 numine,
2025 772 2204 829 dictae
2231 776 2357 829 sunt

120 870 318 928 graves
346 857 621 912 orationes
648 854 716 911 ab
744 858 1049 927 episcopis:
1084 859 1206 927 ipse
1234 858 1532 927 respondit,
1570 871 1634 913 se
1661 872 1866 928 suaque
1892 861 1949 914 in
1976 863 2246 930 potestate
2273 863 2356 917 rei

121 945 378 1017 publicae
396 943 542 1011 fore;
572 948 925 1016 regnaturum,
945 945 1158 1015 quando
1174 947 1252 1001 ita
1272 945 1418 1002 Deus
1436 960 1534 1015 per
1552 947 1704 1018 ipsos
1721 946 1952 1019 juberet,
1972 948 2070 1004 sed
2091 950 2356 1005 communi

120 1034 357 1092 consilio
384 1034 706 1103 sapientum.
776 1034 906 1089 Tum
934 1035 1136 1102 gratiae
1165 1033 1280 1091 Deo
1310 1037 1480 1104 actae,
1518 1033 1764 1105 fidesque
1790 1050 1932 1092 novo
1960 1038 2073 1104 regi
2101 1035 2226 1092 data
2253 1039 2357 1093 est.

263 1122 320 1178 3.
392 1120 715 1178 coronatum
743 1120 932 1176 scribit
958 1121 1244 1191 Ditmsrus,
1271 1121 1369 1180 sed
1396 1125 1705 1180 unctionem
1733 1124 2062 1196 episcopalis
2090 1123 2355 1181 benedic·

122 1212 290 1268 tionis
334 1209 597 1266 defuisse.
681 1210 755 1266 At
790 1209 1113 1266 witikindus
1153 1212 1370 1280 rectius,
1410 1224 1517 1268 nec
1559 1211 1805 1268 diadema
1844 1217 2137 1283 receptum.
2212 1211 2358 1269 Sane

123 1305 410 1370 atrumque
461 1297 678 1354 honoris
732 1304 1186 1367 auguramentum.
1212 1300 1437 1371 parebat
1483 1312 1647 1356 more·
1677 1305 1936 1371 majerum
1982 1298 2357 1358 administrare

130 1401 382 1444 numus
409 1386 668 1458 pontifex,
716 1385 771 1441 id
825 1392 912 1444 est
957 1387 1247 1457 Herigerus
1295 1387 1736 1460 archiepiscopus
1788 1387 2150 1461 moguntinus,
2201 1393 2356 1460 eujus

129 1490 354 1547 magnae
393 1476 458 1531 in
488 1479 603 1531 tota
633 1489 692 1531 re
726 1479 923 1544 partes-
956 1475 1195 1544 fuerant3
1260 1490 1529 1548 regesque
1569 1476 1897 1533 Francorum
1934 1477 2058 1534 inde
2104 1492 2138 1533 a
2171 1478 2357 1550 Pipino

129 1568 248 1636 ungi
290 1564 488 1621 solitos
530 1563 827 1620 constabat.
899 1565 1033 1620 Non»
1045 1567 1247 1637 sprevit
1274 1566 1556 1636 Henricus,
1595 1579 1702 1623 nec
1728 1571 1915 1623 tamen·
1934 1569 2192 1638 suscepit,
2227 1580 2357 1622 ver-

127 1666 333 1725 susque
371 1653 440 1710 ad
470 1651 799 1723 praesulem:
840 1653 985 1707 Satis
1007 1654 1141 1709 milti
1160 1659 1253 1723 eet,
1295 1656 1484 1726 inquit,
1521 1659 1579 1711 ut
1599 1669 1741 1724 prae
1765 1656 2065 1723 majoribus
2090 1657 2221 1710 meis
2246 1668 2354 1711 rea·

130 1745 282 1798 dicar
290 1761 316 1811 ;
340 1745 524 1799 unctio
543 1745 595 1795 et
614 1741 866 1796 diadema
881 1755 1045 1810 penes
1062 1743 1309 1798 meliores
1335 1747 1465 1799 esto.
1537 1742 1737 1800 Secuta
1756 1749 1844 1799 est
1862 1744 2152 1800 astantium
2171 1743 2359 1800 accla-

134 1833 314 1901 matio,
352 1832 444 1902 qui
486 1830 691 1886 dextris
732 1830 799 1885 ad
828 1829 1038 1886 coelum
1065 1828 1292 1887 sublatis
1331 1845 1530 1888 nomen
1557 1832 1700 1899 regis
1727 1833 2085 1902 virtutemque
2109 1830 2360 1887 celebra-

131 1918 276 1974 bant.
350 1919 460 1975 sod
503 1932 568 1974 ea
607 1919 887 1990 modestia,
927 1921 1429 1990 superstitiosorum
1466 1919 1738 1976 hominum
1773 1920 1978 1988 judicia
2012 1933 2122 1976 non
2157 1917 2361 1990 effugit.

125 2006 404 2064 Ditmarus
426 2012 657 2078 veretur,
683 2021 753 2064 ne
782 2010 1089 2079 peccauerit
1115 2012 1365 2065 recusato
1394 2021 1553 2064 sacro
1579 2011 1717 2064 ritu:
1756 2022 1879 2064 nam
1908 2012 2149 2065 sanctam
2174 2007 2361 2064 Al'ram

124 2095 387 2155 udalrice
424 2097 731 2166 Augusth
759 2096 997 2166 praesuli
1024 2109 1144 2153 cum
1169 2098 1282 2152 alie
1304 2110 1415 2167 per·
1428 2100 1620 2169 visum,
1655 2103 1767 2153 tum
1790 2095 1948 2152 binos
1977 2109 2139 2153 enses
2168 2101 2359 2153 osten-

124 2185 293 2256 disse,
323 2199 355 2240 a
372 2185 530 2240 Petro
550 2183 798 2256 apostolo
819 2184 1049 2257 deletos,
1078 2185 1304 2242 alterum
1323 2185 1516 2257 capulo
1546 2191 1847 2252 carentem
1878 2197 2052 2255 eoque
2073 2185 2362 2241 Henricum

121 2275 555 2332 consecrationis
594 2276 868 2344 expertem
899 2273 1320 2330 demonstrasse.-
1388 2274 1552 2331 Idem·
1566 2279 1621 2331 et
1650 2274 1827 2330 Berno
1852 2273 2017 2329 habet
2042 2275 2096 2329 in
2125 2272 2362 2330 Udalrici

119 2368 244 2422 rita.
329 2362 440 2419 Sed
458 2361 594 2434 apud
615 2360 891 2418 Metellum
910 2368 1126 2431 poetam
1145 2363 1586 2435 Tegerseensem‚
1614 2368 1671 2420 et
1690 2361 2025 2420 Gebhardum
2044 2364 2361 2434 episcopum

119 2454 269 2509 vitae
288 2452 350 2507 S.
361 2449 594 2507 Udalrici
616 2452 932 2520 scriptorem
957 2456 1012 2507 et
1033 2452 1352 2508 anuslsstam
1369 2457 1611 2508 nostrum
1629 2457 1873 2509 veterem
1891 2451 2126 2508 nondum
2147 2451 2363 2522 editum,

117 2546 172 2598 et
190 2540 457 2597 ottonem
474 2537 868 2609 Frisingensem
888 2541 1216 2612 episcopum,
1246 2541 1350 2595 alis
1368 2543 1517 2595 extat
1534 2541 1903 2610 interpretatio
1921 2540 2130 2595 somnii„
2196 2537 2362 2594 Ensis

118 2645 238 2688 cum
271 2626 475 2700 capulo
504 2626 722 2684 lieni-ici
747 2629 918 2682 nostri
945 2632 1090 2698 eret-3
1120 2627 1266 2683 alter·
1284 2628 1504 2684 mutilus
1532 2626 1735 2683 Arnulfi
1763 2628 2012 2698 nucarii,
2041 2629 2132 2697 qni
2157 2639 2267 2682 non
2294 2638 2365 2681 ex

119 2719 312 2776 divina
340 2717 609 2774 sententia
635 2715 866 2787 populos
892 2720 1122 2784 regeret.
1206 2715 1490 2772 Caeterum
1520 2718 1840 2771 conventum
1867 2714 2061 2785 hyeme
2087 2717 2280 2784 actum,
2309 2717 2364 2770 et

116 2811 360 2880 primurn
381 2806 532 2873 regni
555 2818 749 2860 annum
773 2803 934 2874 paulo
958 2809 1082 2860 ante
1099 2803 1275 2859 Martii
1293 2804 1496 2860 mensis
1514 2804 1667 2858 initia
1679 2805 1792 2871 jam
1809 2802 2074 2858 numerari
2096 2806 2364 2872 coeptum,

119 2911 189 2954 ux
230 2894 536 2965 diplomate
575 2894 697 2946 anni
740 2891 861 2947 931.
905 2892 1027 2947 dato
1070 2892 1119 2947 7.
1160 2890 1276 2946 Kal.
1305 2890 1458 2944 Mart.
1498 2890 1684 2947 indict.
1705 2891 1758 2945 4.
1801 2903 1940 2946 anno
1973 2889 2195 2944 Heurici
2220 2890 2364 2957 regis

119 2986 202 3043 13.
247 2981 488 3050 intelligi
530 2984 749 3051 petest„
798 2979 907 3036 Sed
949 2984 1073 3034 sunt
1109 2977 1346 3048 tabulae,
1388 2988 1528 3046 quae
1567 2990 1683 3034 rem
1723 2981 1929 3047 gestam
1971 2978 2026 3032 in
2056 2980 2364 3048 provectam

117 3076 414 3139 aestatem,
454 3071 558 3125 imo
600 3070 656 3124 in
696 3075 1001 3124 autumnum
1044 3064 1287 3138 prolerre
1311 3064 1485 3121 rideri
1525 3071 1781 3135 possunt3
1824 3067 2008 3136 itaque
2035 3064 2365 3123 subexitum

115 3161 295 3231 bnans
339 3160 470 3214 enni
508 3169 728 3214 censum
774 3156 1119 3228 diplomatum
1163 3167 1400 3227 agems,
1455 3153 1649 3224 quibus
1696 3157 1822 3213 anni
1864 3155 2017 3225 regni
2063 3152 2365 3212 Germanici

120 3254 404 3318 notamur,
442 3261 566 3303 nam
601 3245 670 3301 de
699 3247 786 3316 iis,
825 3243 1019 3314 quibus
1061 3257 1244 3300 annus·
1269 3244 1425 3313 regni
1451 3241 1821 3300 Lethariensis
1857 3242 2184 3315 designatur,
2205 3243 2368 3313 quod

121 3342 312 3396 serius
331 3340 613 3393 assecutus
635 3338 736 3406 est,
764 3334 929 3390 simili
956 3332 1134 3390 studio
1164 3345 1385 3402 agemus
1410 3331 1479 3388 ad
1507 3346 1556 3388 a.
1574 3331 1639 3388 D.
1660 3331 1783 3388 924.
1844 3331 2021 3402 Leges
2048 3333 2105 3390 in
2133 3334 2368 3389 comitiis

120 3428 330 3485 iisdem
357 3426 495 3482 latas
524 3423 594 3479 de
615 3421 880 3479 servanda
905 3435 1042 3492 paee
1070 3421 1304 3494 publica,
1332 3420 1477 3492 quod
1504 3420 1655 3478 multi
1675 3420 1890 3478 nobiles
1914 3422 2018 3477 riri
2045 3433 2203 3477 manu
2232 3433 2366 3490 age·

121 3522 249 3575 teat
280 3519 346 3573 et
369 3513 670 3570 latrociniis
697 3510 1052 3581 indulgerent,
1079 3509 1244 3568 hebet
1269 3511 1608 3568 continuator
1632 3509 1938 3580 Reginonis.

270 3606 334 3660 ὁ.
395 3602 681 3659 Renrimm
699 3598 767 3655 ad
783 3600 989 3669 regiam
1004 3598 1323 3656 Francorum
1345 3600 1565 3672 stirpem
1586 3612 1682 3671 per
1698 3601 1923 3656 matrem
1941 3597 2092 3653 multi
2111 3595 2369 3668 referunt,

123 3699 180 3750 et
205 3690 484 3762 Lutgarde
513 3688 717 3747 Arnulfi
745 3691 981 3745 caesaris
1009 3687 1121 3744 filia
1144 3691 1327 3744 natum
1353 3687 1556 3745 volunt.
1628 3686 1740 3744 Ista
1767 3683 2199 3756 chronographus
2225 3684 2368 3744 Saxo

120 3785 361 3855 primus,
401 3780 544 3851 quod
574 3778 759 3848 sciam,
789 3777 855 3832 ad
886 3791 935 3834 a.
963 3776 1027 3834 D.
1055 3775 1193 3847 9193
1217 3778 1400 3847 itaque
1429 3778 1679 3847 antiquus
1707 3779 1792 3831 est
1819 3774 1909 3830 hic
1934 3788 2099 3831 error.
2172 3773 2239 3829 Et
2264 3772 2370 3830 hu-

120 3869 374 3941 jusmodi
403 3872 620 3926 autores
650 3866 722 3922 ob
749 3865 924 3923 oculis
951 3863 1190 3922 habuere
1207 3864 1519 3936 Numerus,
1549 3869 1606 3921 et
1622 3862 1795 3920 Bothe
1814 3864 1872 3919 in
1894 3861 2147 3918 chronico
2166 3862 2373 3920 Bruns·

120 3958 350 4017 vicensi
367 3959 650 4029 picturato,
663 3954 808 4026 quod
824 3958 1046 4011 uentus
1066 3958 1154 4011 est
1169 3953 1446 4011 cranzius.
1474 3953 1606 4009 Inde
1628 3952 1811 4022 opinio
1829 3952 1887 4008 in
1903 3949 2043 4007 alios
2064 3949 2371 4023 dimanavit,

119 4052 184 4105 et
211 4063 251 4104 a
281 4044 639 4117 scriptoribus
682 4044 843 4100 etiam
883 4039 1052 4098 Gallis
1090 4044 1146 4098 iu
1188 4054 1250 4099 re
1284 4041 1634 4112 genealogica
1660 4038 1962 4109 insignibus
1989 4040 2243 4112 adoptata
2270 4046 2373 4111 est,

118 4132 556 4192 Sammarthanis
600 4132 982 4201 Buccetioque.
1082 4129 1306 4188 Matrem
1348 4130 1562 4201 quidem
1601 4128 1819 4185 Henrici
1861 4115 2169 4198 Hedwigem
2213 4132 2374 4184 vocat

117 4223 443 4289 Diti-arum
473 4221 573 4278 sed
591 4235 775 4291 parum
794 4218 1035 4292 referret,
1063 4234 1170 4291 quo
1196 4221 1416 4277 nomine
1442 4217 1703 4290 appellari
1729 4215 1971 4289 deberet,
1999 4219 2048 4273 si
2076 4217 2144 4273 de
2172 4230 2370 4287 genere

118 4313 432 4369 constaret.
503 4308 816 4367 Blondellus
845 4309 914 4365 ad
940 4322 1099 4364 avum
1117 4307 1320 4365 Aruulfi
1339 4306 1664 4364 Ludovicum
1685 4303 2054 4363 Germanicum
2075 4303 2373 4361 escendere

120 4399 345 4471 maluit,
372 4396 644 4470 filiamque
673 4401 794 4468 ejus
823 4397 1134 4466 lledwigem
1163 4396 1346 4454 Ottoni
1373 4396 1497 4453 duci
1523 4394 1759 4466 copulat.
1847 4395 1928 4451 lta
1954 4391 2156 4464 duplici
2185 4393 2373 4448 matri-

120 4488 321 4544 monio
364 4486 526 4542 simul
562 4485 804 4542 illustres
840 4484 1078 4544 familiae
1105 4488 1362 4559 coissent,
1400 4484 1665 4556 &mulque
1692 4484 1996 4542 Ludovieus
2021 4493 2119 4538 rex
2145 4478 2372 4537 Germe·
2493 4531 2497 4536 .

117 4577 300 4634 nicus
338 4577 399 4632 et
438 4572 694 4632 Ludoltus
737 4573 843 4630 dux
885 4573 1022 4635 alter
1060 4575 1283 4636 alterius
1323 4574 1438 4633 lilio
1480 4575 1645 4634 liliam
1681 4574 1939 4646 dedisset,
1978 4584 2103 4630 nam
2128 4582 2374 4637 sororem
