2817 4959
757 320 1296 393 ANNALES
1359 322 1823 397 innuli
1903 322 1910 337 '
2268 332 2397 401 141

143 496 266 554 lm
305 492 454 553 hunc
491 493 773 553 Ludovlco
812 509 943 568 rege
981 514 1091 555 non
1129 503 1328 572 natum,
1359 504 1742 573 praeterquam
1771 502 1913 574 quod
1937 506 2144 563 temere
2171 506 2392 581 dicam,
2412 505 2483 577 Δ.
2503 504 2637 576 83.

144 590 388 658 aspectu
415 587 536 656 ipso
558 586 757 658 vultus,
785 589 1034 658 tanquam
1051 592 1174 644 viva
1196 595 1474 660 parentum
1495 589 1690 662 effigie,
1717 590 1926 659 reselli3
1955 596 2214 664 quaedam
2235 600 2399 655 etiam

143 677 330 747 patris
357 676 514 741 signa
544 688 768 743 puerum
796 680 1025 745 gestare.
1098 677 1289 748 Itaque
1328 683 1447 734 orat
1473 680 1672 748 regiam
1698 680 1901 737 Arnulfi
1929 687 2281 757 majestatem,
2320 701 2394 744 ne

143 766 440 820 innocenti
466 766 769 833 propinquo
799 766 1043 832 injuriam
1073 766 1187 821 fieri
1215 769 1392 837 sinat;
1437 772 1496 824 et
1520 769 1568 822 si
1598 770 1687 839 qui
1717 771 1954 841 scrupuli
1979 770 2251 842 haereant,
2280 787 2396 833 rem

145 868 339 909 coram
368 864 436 907 se
464 853 522 907 in
550 856 818 908 conventu
847 867 1125 924 procerum
1154 854 1389 911 fidelium
1419 855 1615 912 discuti
1641 859 1886 927 patiatur.
1957 859 2118 915 Addit
2132 861 2295 918 Fulco
2325 864 2397 922 de

148 956 214 998 se
243 943 392 1012 ipso,
421 940 652 996 relatum
682 940 803 1008 sibi,
831 941 974 1011 quod
999 941 1321 998 Aschericus
1346 945 1581 1016 jactarit,
1622 951 1744 1000 acta
1782 946 1921 1003 llaec
1946 948 2178 1019 maligno
2206 953 2261 1005 in
2284 952 2395 1007 Ar-

147 1029 361 1087 nulfum
391 1031 589 1100 animo,
620 1034 676 1085 et
703 1032 895 1102 privati
924 1032 1187 1087 commodi
1215 1044 1330 1102 spe.
1385 1031 1494 1088 Sed
1523 1033 1871 1090 Aschericum
1900 1038 2073 1107 ipsum
2101 1040 2395 1111 respondet

153 1120 219 1175 ad
247 1133 314 1174 se
344 1119 587 1187 venisse,
615 1118 1100 1189 praesentibusque
1125 1120 1411 1177 lieriberto
1444 1127 1498 1177 et
1524 1120 1735 1179 Ert'rido
1765 1124 2051 1180 comitibus
2094 1127 2161 1183 de
2188 1130 2393 1187 intole-

151 1207 420 1262 rabilibus
465 1204 670 1262 odonis
717 1210 956 1277 imperiis
994 1209 1244 1279 querelas
1285 1208 1573 1266 effudisse:
1618 1209 1855 1267 Gosrridi
1895 1227 2113 1284 queque*
2148 1215 2290 1273 filios
2334 1219 2393 1277 in

155 1296 447 1353 eonsilium
489 1294 775 1368 adhibitos,
820 1302 874 1353 et
915 1297 983 1352 de
1025 1298 1131 1354 alio
1167 1300 1408 1370 principe
1454 1301 1707 1367 agitatum
1751 1313 1893 1372 esse,
1936 1306 1992 1358 et
2018 1304 2298 1372 quosdam
2333 1308 2392 1364 in

151 1384 444 1441 widonem
474 1384 796 1442 inclinasse:
827 1386 924 1440 sed
955 1400 1050 1455 pro
1079 1389 1229 1456 regni
1255 1387 1505 1458 utilitate,
1542 1392 1597 1443 et
1623 1388 1827 1444 Amulii
1855 1391 2026 1461 ipsius
2051 1395 2289 1452 amicitia
2333 1397 2393 1451 et

153 1475 282 1543 regii
338 1475 566 1542 generis
607 1477 744 1545 jure,
797 1473 1048 1530 Catulum
1086 1476 1377 1547 placuisse.
1457 1477 1646 1546 Itaque
1695 1477 2013 1535 calumniam
2054 1494 2200 1552 esse,
2245 1482 2390 1553 quod

154 1563 369 1634 quidam
394 1564 621 1631 jactent,
652 1562 812 1618 istum
829 1577 980 1619 nunc
1008 1563 1250 1622 obtentui
1279 1567 1447 1631 sumi;
1490 1565 1588 1621 sed
1616 1580 1805 1624 revera
1828 1567 1881 1621 id
1910 1570 2013 1639 agi,
2048 1573 2107 1624 ut
2132 1571 2387 1640 neglecto
2520 1562 2543 1597 ‘

153 1666 272 1708 mox
315 1664 515 1723 puero,
560 1650 718 1705 Wide
765 1656 1145 1708 accerseretur.
1218 1654 1291 1710 Se
1330 1667 1459 1710 vero
1501 1655 1664 1711 talem
1704 1668 1813 1712 non
1858 1670 2000 1729 esse,
2041 1672 2147 1714 nec
2186 1658 2386 1714 talibus

155 1746 338 1812 ortum,
384 1742 480 1810 qui
521 1739 782 1811 pudendis
811 1740 1019 1795 actibus
1048 1755 1217 1811 genus
1247 1742 1602 1810 dedecorent;
1643 1758 1748 1800 nec
1790 1750 2022 1815 majores
2070 1750 2216 1818 regis
2255 1747 2387 1805 talia

156 1829 365 1898 ingenia
408 1831 468 1884 in
517 1830 629 1883 suis
671 1828 1097 1899 progenitoribus
1141 1834 1410 1900 expertos.
1482 1830 1769 1886 Aleranum
1812 1833 2045 1904 denique
2082 1850 2117 1891 a
2157 1850 2222 1893 se
2245 1838 2386 1892 mitti

166 1921 236 1973 ait
272 1933 392 1973 cum
427 1916 518 1972 his
558 1916 750 1989 literis,
792 1922 1182 1989 suggesturum,
1225 1932 1363 1988 quae
1393 1932 1427 1975 e
1452 1930 1515 1973 re
1539 1921 1663 1989 sint,
1699 1919 2216 1996 intellectui-umque,
2244 1938 2384 1994 quos

157 2006 406 2064 Amulius
437 2006 508 2061 ad
536 2019 601 2061 se
628 2007 813 2063 venire
839 2006 973 2063 velit
1000 2007 1388 2066 constituendis
1416 2006 1596 2067 rebus..
1644 2007 1779 2069 Nam
1806 2007 2055 2066 Carolum
2083 2025 2180 2081 per
2206 2013 2384 2069 omnia

151 2094 290 2153 dicto
320 2097 636 2153 audientem
666 2095 798 2152 lore.

284 2184 340 2242 3.
413 2185 592 2241 Etiam
635 2185 702 2239 ad
744 2185 1057 2243 Formosum
1097 2191 1220 2243 acta
1246 2170 1560 2260 perscripsit
1584 2185 1768 2260 Falco,
1805 2188 2086 2243 consilium
2115 2199 2384 2261 opemque

145 2272 411 2344 flagitans,
442 2274 889 2344 quemadmodum
920 2289 987 2333 ex
1013 2276 1282 2348 pontilicis
1308 2291 1571 2346 responso
1598 2276 1827 2346 intelligi
1854 2281 2064 2347 potest:
2103 2280 2194 2348 qni
2217 2279 2383 2335 etiam

143 2364 207 2419 ad
246 2362 506 2418 odonem
545 2362 731 2418 literas
775 2363 939 2434 dedit,
979 2363 1333 2435 hortatusque
1377 2369 1478 2436 est,
1520 2379 1591 2421 ne
1633 2365 1883 2422 Carolum
1919 2368 2229 2437 amicosque
2260 2369 2379 2434 ejus

141 2450 465 2509 infestaret:
510 2457 568 2509 et
585 2453 1022 2523 archiepiscopos
1053 2457 1448 2526 episcoposque
1467 2453 1753 2510 Galliarum
1775 2457 1996 2526 monuit,
2014 2458 2075 2511 ut
2091 2455 2159 2510 ad
2177 2453 2379 2511 bellum

142 2541 465 2612 sedandum,
493 2541 584 2596 vel
614 2547 762 2597 certe
785 2542 1027 2598 inducias
1057 2542 1331 2599 faciendas
1362 2545 1778 2615 conniterentur,
1806 2545 1882 2598 uti
1910 2543 2130 2599 Fulconi
2159 2541 2379 2597 Romam

143 2631 291 2688 adire
319 2631 538 2689 liceret.
610 2630 777 2689 Simul
822 2636 1045 2702 paterna
1081 2631 1149 2686 ad
1191 2631 1440 2687 carolum
1480 2634 1681 2687 monita
1721 2631 2037 2701 destinavit;
2077 2643 2377 2700 panemque

142 2718 495 2776 benedictum
538 2722 744 2790 petenti
786 2734 883 2789 pro
926 2722 1149 2791 pignore
1190 2721 1349 2775 misit.
1424 2719 1712 2776 Falconem
1747 2718 1988 2775 hortatus
2018 2723 2118 2789 est,
2153 2721 2214 2774 ut
2250 2717 2380 2773 odia

143 2811 386 2881 sopiret,
412 2820 556 2877 quae
597 2822 666 2863 ex
702 2807 1007 2875 Mantgaudi
1048 2809 1218 2864 caede
1243 2812 1371 2865 nata
1396 2813 1565 2869 eraut.
1636 2808 1801 2864 Fulco
1832 2812 1890 2862 et
1914 2805 2128 2863 widoni
2156 2819 2376 2861 causam

143 2896 323 2954 Caroli
356 2896 501 2968 apud
529 2911 722 2967 papam
749 2898 1159 2968 commendarat,
1200 2897 1538 2967 eundemque
1580 2895 1874 2964 monuerat,
1914 2906 1985 2949 ne
2026 2892 2155 2963 qaid
2194 2892 2376 2964 pacati

141 2986 205 3042 ab
231 2983 473 3042 Arnult'o
503 2989 869 3056 exspectaret:
912 2985 1069 3043 simul
1098 2983 1364 3041 abbatiam
1390 2983 1447 3040 S.
1475 2984 1704 3054 Hartini,
1744 2984 1930 3038 nescio
1961 2996 2134 3053 quam,
2174 2997 2209 3039 a
2246 2995 2376 3051 rege

141 3075 244 3132 sibi
273 3074 541 3133 creditam
569 3075 846 3129 nuntiavit.
889 3075 965 3130 At
990 3073 1106 3129 Ode
1131 3074 1507 3144 inexspectato
1533 3073 1719 3129 nuntie
1747 3073 1904 3145 ictus,
1928 3070 2091 3128 rebus
2118 3071 2172 3125 in
2200 3071 2377 3140 Aqui-

140 3166 285 3219 tania
314 3167 594 3234 utcunque
620 3164 951 3234 compositis,
993 3177 1113 3219 cum
1141 3161 1304 3219 fratre
1331 3161 1565 3218 Roberto
1591 3162 1649 3218 in
1673 3160 1947 3218 Franciam
1972 3159 2223 3231 festinan
2264 3158 2376 3216 Ga-

139 3251 314 3307 rolum
343 3249 514 3320 fugat,
542 3253 744 3308 amicos
772 3256 892 3322 ejus
919 3254 1278 3325 persequitur,
1322 3250 1550 3308 castelle
1577 3263 1761 3309 oerum
1786 3253 2073 3323 expugnat.
2146 3247 2375 3307 Carolus

139 3341 330 3412 inpar,
359 3340 430 3395 ad
458 3339 738 3399 Arnull'um
765 3341 1019 3411 confugit.

279 3430 340 3484 4.
417 3428 672 3485 Arnulsus
730 3432 968 3487 intentus
1019 3432 1203 3487 tantw
1252 3430 1494 3500 novitati,
1539 3427 1787 3499 hyemem
1829 3429 1885 3484 in
1928 3429 2126 3485 vicinia
2172 3430 2375 3499 egerat.

139 3516 286 3574 Sne
316 3520 564 3586 ternpore
592 3518 1039 3589 quadragesimali
1067 3522 1233 3575 totam
1260 3516 1674 3574 occidentalium
1699 3516 2019 3577 Francorum
2050 3517 2137 3587 (id
2157 3521 2241 3585 est
2262 3516 2375 3573 Lo-

137 3604 530 3673 thariensinm)
556 3608 904 3678 provinciam,
932 3609 1269 3680 monasteria,
1299 3610 1644 3678 episcopatus
1669 3608 1931 3663 erationis
1958 3618 2122 3661 causa
2169 3604 2373 3676 obisse,

138 3692 414 3751 annalista
441 3694 722 3752 Fuldensis
750 3695 966 3765 scribit3
1011 3698 1248 3766 ingentia
1276 3694 1416 3751 dona
1443 3694 1511 3751 ab
1542 3697 1813 3766 episcopis
1840 3697 2140 3767 accepisse,
2167 3694 2375 3763 Regino

137 3784 338 3857 prodit.
414 3783 532 3842 Huc
573 3783 776 3855 resero,
818 3784 960 3855 qnod
998 3784 1172 3841 codex
1210 3797 1385 3843 rerum
1418 3783 1861 3854 logentinarum,
1898 3784 2143 3839 serratio
2177 3784 2373 3839 citatus

138 3872 240 3929 sub
269 3874 502 3929 umoris
527 3874 760 3944 nomine,
785 3872 1112 3941 negantiam
1138 3875 1358 3944 (nescio
1383 3888 1546 3943 quam
1574 3872 1645 3929 ob
1687 3872 1939 3940 causam)
1962 3869 2226 3928 rebellem
2266 3869 2374 3928 hoc

138 3974 282 4018 anno
325 3960 399 4018 ab
439 3960 667 4018 Arnull'o
708 3966 1078 4032 expugnatam,
1121 3967 1176 4019 et
1215 3964 1450 4032 graviter
1476 3962 1728 4019 afflictam
1756 3959 1962 4017 scribit.
2035 3959 2149 4017 Rex
2174 3957 2371 4019 deinde

139 4054 466 4106 conventum
493 4050 820 4111 wormatiae
848 4052 959 4120 egit
984 4052 1191 4107 aestivo
1218 4055 1477 4122 tempore,
1518 4065 1625 4122 quo
1647 4048 1873 4106 Carolus
1900 4048 2182 4120 accedens,
2211 4049 2371 4105 favo-

139 4151 253 4195 rem
299 4140 626 4211 potentioris
678 4140 936 4212 principis
981 4138 1089 4195 sibi
1132 4143 1340 4209 magnis
1381 4138 1692 4195 muneribus
1736 4138 2059 4211 conciliavit,
2108 4138 2371 4207 regnique

145 4230 364 4298 sceptra
407 4227 476 4283 ab
521 4231 639 4297 ejus
682 4242 842 4284 manu
887 4229 1143 4299 suscepit.
1214 4229 1300 4285 An
1324 4226 1617 4283 hominium
1645 4224 1822 4298 fuerit,
1860 4225 2001 4283 haud
2043 4229 2176 4283 satis
2213 4227 2368 4292 scio;

147 4314 440 4373 clientelae
483 4320 632 4372 certe
670 4330 840 4386 genus
868 4323 1001 4374 erat.
1072 4316 1188 4374 Nec
1218 4316 1385 4373 Fulco
1426 4316 1567 4388 apud
1606 4315 1955 4372 Flodoardum
1994 4316 2204 4382 abnuit3
2244 4327 2370 4369 nam

149 4401 460 4461 fidelitatem
488 4420 638 4461 suam
669 4406 1113 4476 devotionemque
1140 4404 1365 4462 Arnulso
1392 4404 1683 4476 pollicitus,
1721 4409 1984 4476 promtum
2024 4415 2087 4456 se
2125 4400 2188 4455 ad
2213 4404 2370 4469 jussa

149 4492 398 4565 spondet,
426 4496 473 4550 si
499 4497 808 4567 praesentia
835 4510 931 4551 sua
959 4499 1228 4565 poscatur.
1299 4493 1475 4567 Addit,
1502 4496 1911 4568 promissionem
1939 4490 2116 4545 Caroli
2143 4489 2367 4547 Arnull'o
