2817 4959
11 2941 14 3016 >

160 464 381 535 kfflss

164 2927 379 2997 mfflz

417 289 546 355 &2
993 284 2053 352 ANNALESIMPERH

409 462 672 519 llenricus
699 464 857 531 enim,
885 460 1148 529 ilungaris
1176 461 1368 530 caesis,
1395 461 1634 530 quietem
1659 458 1872 530 populis
1902 460 2228 527 procuravit:
2257 456 2715 514 Lotliariensi-

410 551 512 607 bus
555 550 620 606 ad
665 564 862 620 corpus
905 550 986 603 rei
1020 547 1268 619 publicae
1292 550 1580 619 revocatis,
1624 548 1981 615 integritatem
2026 559 2191 616 regno
2235 545 2521 613 reddidit;
2588 549 2710 602 cru·

411 639 621 696 tandem
649 637 938 707 majoribus
965 636 1092 692 fatis
1111 636 1237 693 Otto
1265 637 1407 692 iilius
1437 634 1625 691 Italica
1659 638 1872 706 sceptra
1898 640 1955 690 et
1980 634 2200 691 Romani
2227 636 2445 706 imperii
2471 635 2704 691 decus

410 728 663 795 adjunxit.
746 725 878 781 Eam
924 728 1164 782 veterum
1216 724 1684 783 Brunsvicensium
1736 724 2031 795 principum
2073 722 2299 792 gloriam
2344 726 2697 795 sequentia

410 814 788 872 memorabunt.

551 903 636 959 32.
707 901 809 959 Per
863 903 916 958 id
976 906 1185 973 tempus
1243 900 1626 957 Theodericum
1684 902 1920 968 regionis
1966 900 2232 970 comitem,
2292 914 2437 971 quae
2500 915 2697 956 nunc

409 990 693 1048 Hellandia
720 990 1031 1062 appellatur,
1062 993 1179 1059 ejus
1204 991 1435 1045 nominis
1465 990 1702 1059 primum,
1730 986 2103 1057 Egmondense
2129 989 2393 1056 virginum
2423 989 2689 1045 ordinis

408 1079 741 1137 Benedictini
761 1077 1076 1135 coenobium
1097 1076 1366 1148 fundasse,
1386 1076 1607 1133 Manilio
1615 1074 1835 1144 judicat,
1851 1074 1942 1130 ubi
1962 1074 2156 1130 deinde
2175 1074 2567 1133 Theodericus
2596 1077 2683 1134 Π.

406 1171 529 1239 ejus
575 1166 733 1239 filius,
790 1167 1037 1224 absoluto
1083 1180 1266 1239 opere,
1323 1166 1613 1222 ecclesiam
1653 1179 1722 1220 ex
1765 1163 1945 1235 lapide
1988 1166 2197 1235 struxit,
2258 1163 2445 1235 ibique
2492 1167 2681 1236 apud

408 1259 684 1326 parentem
729 1258 970 1329 sepultus
1012 1261 1098 1311 est
1156 1270 1274 1311 cum
1318 1253 1654 1321 Hildegunda
1700 1256 1945 1324 conjuge,
2005 1265 2073 1308 ex
2118 1267 2223 1322 qua
2267 1258 2376 1309 tres
2422 1253 2677 1311 liberos

407 1349 737 1417 susceperat,
778 1344 1052 1400 Amulium
1092 1345 1355 1413 comitem,
1396 1340 1685 1411 Egbertum
1743 1340 2114 1398 ‘trevirensem
2148 1340 2667 1419 archiepiscopum,

406 1438 466 1489 et
491 1432 776 1491 Erlindam.
826 1433 933 1490 Sed
962 1433 1187 1502 quinon
1214 1436 1336 1488 sunt
1360 1429 1518 1500 liuJus
1547 1431 1684 1486 aevi.

1105 1646 1923 1721 Mfflofflfflssssssss&

403 1787 476 1832 Ile
502 1787 660 1833 habitu
685 1787 1096 1836 administrationis
1123 1791 1171 1836 ln
1197 1790 1441 1836 Germania
1465 1794 1654 1836 mutato.
1706 1763 1774 1834 lle
1801 1789 1965 1833 ducum
1991 1786 2171 1843 origine
2209 1791 2257 1831 et
2280 1788 2504 1843 potentia.
2560 1788 2651 1833 De

484 1859 752 1905 contusione
777 1861 1048 1906 allodiorum
1076 1866 1125 1907 et
1148 1863 1386 1908 feudorum
1414 1866 1587 1908 secuta.
1614 1884 1668 1893 —
1703 1860 1772 1904 De
1801 1859 2014 1913 comitiis,
2042 1859 2091 1901 in
2118 1858 2283 1914 quibus
2310 1858 2369 1902 de
2396 1859 2653 1908 electione

483 1929 682 1975 Gonndi
708 1937 874 1977 acuum.
914 1933 1094 1989 Populi,
1114 1939 1192 1990 qui
1219 1935 1278 1979 ad
1305 1939 1404 1978 eam
1432 1935 1772 1977 concurrerunt.
1827 1930 2009 1974 Ottonis
2035 1929 2230 1974 Saxonis
2256 1930 2649 1984 magnanimitas.

397 1999 404 2014 ¹
483 2020 540 2033 --
575 2002 690 2047 'l‘res
729 2003 1005 2059 praecipuae
1043 2004 1299 2059 principum
1339 2004 1607 2048 Germaniae
1645 2001 1882 2046 factiones.
1946 1998 2143 2043 comitia
2182 2001 2424 2045 electionis
2463 2002 2649 2056 hyeme

485 2073 657 2117 habita.
682 2096 735 2105 —
779 2075 848 2118 lle
874 2085 1017 2129 regno
1043 2074 1332 2119 Lothsrieasi
1357 2074 1452 2117 sibi
1478 2072 1766 2128 subjiciendo
1795 2071 1967 2126 cogitat
1994 2071 2244 2116 conradus.
2278 2093 2334 2104 --
2391 2072 2650 2116 Comaru

485 2142 534 2186 ln
560 2143 889 2189 Allemanniam
915 2155 1119 2198 movens,
1155 2144 1393 2190 Triburiae
1422 2143 1621 2198 diploma
1648 2143 1743 2186 dat.
1796 2142 1975 2186 Budelli
2004 2142 2044 2196 1,
2069 2142 2197 2197 regis
2236 2143 2543 2198 rumim-ut
2578 2154 2647 2187 ex

483 2212 646 2258 Welfls
670 2215 777 2268 orti,
806 2226 926 2259 mors
944 2219 991 2259 et
1007 2216 1159 2259 liberi.
1178 2236 1232 2247 -
1259 2214 1495 2258 conradus
1522 2212 1888 2257 conciliationem
1917 2213 2038 2256 inter
2056 2213 2340 2258 salomonen
2360 2214 2645 2269 episcopan

482 2282 874 2329 constantiensem
917 2290 965 2329 et
1001 2285 1333 2339 ltrcatngerum
1371 2284 1727 2340 Bertoldumque
1768 2283 1936 2328 fratres
1973 2287 2135 2328 tentat.
2203 2284 2380 2328 Causae
2421 2284 2641 2329 dissidii.

483 2353 707 2397 Comitum
743 2356 902 2397 horum
928 2359 1117 2400 stemm
1145 2365 1171 2398 a
1198 2355 1438 2398 mendeno
1476 2353 1777 2409 propositum.
1806 2375 1860 2386 --
1903 2354 2140 2399 conradus
2176 2365 2259 2398 rex
2285 2354 2398 2409 quid
2425 2357 2555 2410 apud
2582 2355 2641 2401 8.

482 2420 660 2466 Gallum
687 2425 853 2480 egerit.
880 2446 928 2458 -
961 2424 1068 2469 otte
1095 2424 1187 2467 dux
1204 2425 1431 2470 saxoniae
1449 2426 1563 2469 obit.
1606 2424 1722 2480 Ejus
1750 2433 1865 2467 uxor
1884 2428 1931 2467 et
1948 2425 2102 2470 liberi.
2119 2447 2170 2459 -
2201 2424 2384 2470 ottonis
2412 2427 2642 2481 elogium.

480 2491 694 2538 Nascitur
722 2493 765 2538 ei
792 2505 935 2550 nepos
961 2494 1086 2549 otto,
1124 2499 1288 2550 postea
1321 2497 1588 2552 imperator.
1614 2515 1666 2526 -
1720 2494 1927 2540 Rollonis
1958 2496 2203 2540 Rormannl
2231 2497 2498 2552 conjugium
2526 2509 2639 2542 cum

483 2562 654 2609 Gisela.
709 2565 757 2612 8.
783 2563 1007 2611 lartius
1047 2567 1251 2611 Turones
1290 2566 1465 2610 relatus
1506 2566 1754 2610 autoritate
1793 2566 2026 2622 Ingelgeri
2054 2567 2233 2610 comitis
2258 2566 2636 2623 Andegavensis.

481 2633 629 2691 Hujus
656 2637 927 2692 genealogia
968 2642 1016 2681 et
1053 2644 1199 2682 mater
1236 2638 1489 2683 Petronilla
1516 2651 1574 2682 ex
1603 2637 1787 2682 Guelfis.
1814 2658 1868 2669 —
1913 2635 2122 2681 carolum
2151 2635 2325 2681 Galliae
2352 2648 2515 2694 regem
2542 2641 2640 2683 hec

483 2718 603 2750 anso
629 2719 818 2762 regnum
844 2708 1143 2754 Lothsriense
1183 2710 1413 2766 adeptum,
1455 2720 1514 2753 ex
1548 2710 1717 2753 tabulis
1745 2708 2096 2752 demonstratur.
2122 2729 2178 2742 -
2223 2708 2415 2751 notkeri
2442 2708 2635 2754 namuri

483 2779 637 2824 obitus
665 2783 714 2824 et
739 2775 995 2837 scripta-‘—
1018 2780 1327 2836 Berenssarius
1355 2782 1404 2826 in
1432 2780 1650 2838 citeriore
1676 2780 1812 2826 Italia
1840 2784 2017 2833 regnat.
2039 2802 2087 2811 —
2104 2779 2634 2836 constantinopolitana.

483 2849 776 2897 Saraceniea.

548 2941 595 2996 1.
668 2940 932 2997 Extinctis
986 2945 1042 2999 in
1092 2942 1372 3000 Germania
1413 2941 1729 3012 Carolingis,
1770 2955 1907 2995 nova
1934 2954 1997 2996 se
2024 2952 2200 2996 rernm
2235 2939 2407 2997 facies
2436 2946 2633 3014 aperit,

399 3041 511 3086 non
542 3032 665 3097 jure
705 3028 1037 3100 populorum,
1083 3032 1181 3086 sed
1222 3031 1405 3086 habitu
1447 3031 1917 3089 administrationis
1958 3033 2172 3085 mutato.
2241 3027 2429 3099 Neque
2473 3044 2630 3084 com·-

401 3118 625 3173 mutatio
668 3129 775 3180 nno
802 3119 910 3171 ictu
947 3120 1038 3171 aut
1065 3125 1335 3174 momento
1364 3121 1584 3174 extincti
1609 3120 1817 3189 pristini
1845 3120 1987 3187 regis
2014 3125 2138 3175 nata
2169 3123 2251 3173 est
2262 3132 2279 3186 3
2317 3119 2417 3173 sed
2445 3118 2628 3174 laten-

399 3204 543 3259 tibus
570 3204 911 3258 incrementis
940 3207 1262 3260 anteriorum
1290 3221 1475 3275 regum
1503 3211 1774 3276 provecta,
1816 3205 1915 3263 suh
1958 3221 2122 3277 puero
2151 3220 2278 3261 sese
2318 3209 2543 3276 exemit,
2572 3210 2631 3261 et

400 3291 555 3361 quasi
595 3287 784 3344 extulit
823 3297 1009 3360 caput;
1059 3289 1305 3348 Conrado
1350 3299 1627 3366 regnante,
1674 3300 1730 3352 et
1776 3295 2100 3351 colluctante
2147 3297 2340 3360 crevit;
2391 3294 2625 3349 ilenrico

396 3378 606 3434 demum
643 3378 975 3446 concedente
1013 3381 1340 3450 praevaluit3
1391 3382 1490 3435 sed
1518 3382 1617 3435 sub
1647 3380 1892 3437 Conrado
1921 3383 2098 3437 Salico
2128 3385 2337 3438 demum
2365 3385 2420 3437 iu
2449 3383 2625 3451 legem

393 3467 707 3538 ire-coepit.
762 3467 842 3523 De
883 3482 987 3538 quo
1026 3473 1205 3524 narrat
1244 3472 1396 3524 autor
1437 3469 1640 3524 veteris
1684 3468 1920 3525 chronic-i
1959 3468 2311 3541 Luneburgici
2352 3485 2464 3526 rem
2492 3470 2624 3525 alibi

394 3558 793 3629 incompertam,
837 3557 982 3627 quod
1026 3559 1223 3612 sciam:
1283 3556 1424 3613 hunc
1467 3560 1707 3629 primurn,
1754 3563 1811 3613 ut
1855 3572 1952 3614 rex
1997 3559 2302 3630 eligeretur,
2350 3561 2625 3630 episcopis

393 3648 710 3716 promisisse
751 3662 994 3717 maguum
1036 3646 1321 3717 allodium;
1359 3646 1691 3718 principibus
1735 3662 1979 3716 magnum
2021 3647 2268 3706 feudum:
2329 3650 2397 3703 de
2441 3650 2626 3704 lovede

394 3734 500 3789 den
523 3733 819 3805 Biscloopcn
857 3739 952 3793 dat
985 3740 1143 3807 ,orote
1181 3737 1334 3807 qun
1370 3738 1488 3792 und
1525 3738 1631 3792 den
1655 3736 1819 3791 Μέθη
1858 3738 1955 3791 dat
1986 3740 2144 3807 qrote
2180 3735 2308 3792 Len.
2364 3736 2623 3807 Equidem

394 3824 568 3879 omnis
594 3828 851 3900 potestas,
880 3840 1020 3896 quae
1045 3825 1302 3896 Ludoyici
1330 3823 1520 3896 ruerat,
1548 3827 1606 3881 in
1634 3825 1933 3881 Conradum
1960 3838 2337 3882 successorem
2366 3827 2623 3881 translata

391 3916 509 3970 erat
536 3925 801 3969 consensu
829 3918 1067 3983 gentium
1091 3913 1552 3972 Germanicarum:
1597 3927 1777 3984 neque
1806 3919 2040 3984 apparet,
2084 3915 2328 3970 Saxones
2356 3921 2450 3974 eut
2479 3915 2624 3970 Thu-

390 4004 585 4073 ringus,
633 4003 724 4056 aut
764 4002 1040 4070 Bajoarios
1065 4009 1180 4076 ‚aut
1213 4004 1577 4074 Allemannos‚
1641 4003 1709 4060 ad
1744 4003 2045 4060 libertatem
2094 4004 2474 4075 proclamasse,-
2518 4019 2624 4074 qua

392 4091 587 4147 dudum
614 4103 789 4160 aequo
818 4105 939 4147 cum
967 4093 1182 4149 Francis
1204 4097 1326 4164 jure
1356 4091 1695 4148 fruebantur:
1724 4107 1901 4163 neque
1930 4093 1999 4148 de
2022 4092 2331 4148 divellendo
2362 4095 2414 4147 in
2444 4099 2622 4164 partes

390 4179 706 4237 Germaniae
742 4191 964 4248 corpore
995 4182 1116 4238 ulla
1154 4198 1297 4251 nunc
1331 4183 1533 4240 mentio
1562 4184 1761 4252 injecta
1787 4185 1899 4238 est:
1946 4181 2306 4251 fallunturque
2336 4181 2490 4253 adeo,
2532 4184 2621 4251 qui

388 4271 651 4340 nationes,
695 4268 958 4324 hactenus
1002 4268 1194 4337 Magno
1242 4269 1438 4326 Carolo
1486 4274 1712 4342 ejusque
1758 4274 1995 4341 posteris
2041 4273 2361 4340 servientes,
2393 4273 2473 4339 [si
2518 4270 2621 4325 diis

385 4356 597 4424 placet)
641 4371 783 4412 nunc
808 4359 894 4412 sui
925 4358 1064 4425 juris
1103 4354 1276 4412 factas
1319 4358 1657 4416 arbitrantur.
1716 4358 1922 4417 Dudum
1965 4362 2020 4415 in
2061 4375 2220 4415 unum
2261 4361 2342 4415 rei
2373 4357 2621 4430 publicae

388 4454 584 4511 corpus
630 4446 884 4518 coierant,
938 4446 998 4502 in
1038 4458 1146 4517 quo
1193 4448 1371 4503 omnia
1414 4460 1599 4516 regum
1650 4449 1948 4520 autoritate,
2002 4460 2281 4521 procerum
2337 4445 2618 4516 suffragiis.
