2817 4959
644 300 1694 376 ANNALEsJiMPRRIt
2163 304 2287 374 5⁷3

37 481 406 553 liti-ajectam
428 476 633 556 iet-eie,
681 486 837 555 quasi
864 486 934 540 sit
956 476 1207 540 ultetior-
1199 475 1494 552 traiectum
1536 496 1654 538 cum
1681 481 1833 538 oud-
1835 479 2010 539 trecht
2045 484 2285 540 veterem
2311 483 2377 553 Α
2397 474 2539 550 940.

37 576 343 642 rajectum
359 573 639 645 significet,
669 575 852 643 itaque
878 575 1136 683 antiquis,
1155 573 1317 628 utbic
1339 572 1540 644 Otteui,
1568 584 1736 642 saepe
1761 572 2079 643 simpliciter
2095 571 2290 629 'frecht

37 668 298 718 ocatur.

184 750 245 805 9.
318 748 429 805 Sed
472 750 613 819 quod
654 747 887 804 miraeus
928 749 1086 805 nobis
1126 750 1182 805 in
1209 749 1411 805 Notitia
1453 749 1807 806 eeclesiarum
1845 747 2017 817 Belgii
2054 749 2292 822 diploma

37 839 273 895 »tionis
312 837 531 909 profert,
562 840 725 909 quasi
761 848 903 893 nunc
938 837 1139 907 datum,
1174 849 1354 906 neque
1381 840 1505 893 anni
1533 841 1694 910 notis,
1735 852 1912 909 neque
1941 852 2291 919 personarum

37 930 335 985 mentione
364 928 624 983 consistit.
700 925 843 997 Otto,
873 926 1120 982 Conrado
1150 925 1285 982 duce
1313 927 1706 997 interpellante,
1742 927 2063 982 Leodiceusi
2090 927 2206 983 sedi
2233 930 2292 984 in

38 1030 316 1073 ‚onor-ni
346 1014 403 1071 B.
421 1014 653 1084 Virginis
673 1015 898 1085 dicatae,
924 1010 1668 1087 quam·Farabertus·tenebat,
1695 1002 2292 1073 monasterium-Eicbae

38 1107 84 1162 ,d
127 1106 371 1162 finvim
397 1104 578 1173 Votra‚
605 1104 660 1157 in
691 1118 826 1173 pago
857 1103 1053 1174 Hasce,
1090 1105 1147 1160 in
1177 1106 1430 1159 comitatu
1457 1103 1663 1159 Rodulii
1694 1096 1896 1160 tradit.'
1937 1104 2097 1160 Eimo
2123 1108 2292 1162 nota-

37 1200 159 1252 ius
197 1195 282 1250 od
304 1197 469 1250 vicem
488 1193 775 1253 erumnis·
790 1192 1263 1248 archicancellarii
1291 1206 1509 1263 recoqn.
1577 1193 1688 1248 Sed
1709 1193 1884 1250 Bruno
1901 1180 2096 1249 lserius‘
2114 1190 2294 1250 archi-

42 1283 415 1343 ancelini-ius
458 1281 632 1337 iactas
677 1286 791 1351 θεῖ,-
817 1285 873 1338 ei
899 1282 1154 1349 tuncjam
1185 1279 1458 1336 conradus
1488 1281 1733 1337 ducatum
1764 1285 2031 1339 amiserat.
2101 1282 2293 1341 Actum

37 1372 507 1441 :hwitameburq
540 1370 605 1425 ἀ-
626 1371 676 1424 d.
704 1372 808 1425 inc.
837 1372 965 1439 9⁴9,
991 1373 1047 1425 4.
1075 1368 1215 1423 Non.
1243 1370 1349 1425 Jul.
1378 1373 1538 1440 requi
1564 1369 1767 1426 ottonis
1795 1373 1879 1444 14,
1913 1372 2024 1428 ind.
2057 1376 2105 1428 7.
2181 1372 2292 1429 Sed

37 1478 141 1519 too
179 1461 388 1517 Christi
429 1472 567 1514 anno
594 1457 737 1514 ,iulio
774 1471 962 1514 mense
1005 1454 1129 1513 Otto
1158 1457 1632 1529 Quidelingeburgi
1666 1460 1806 1516 baud
1845 1459 1958 1516 fuit.
2033 1459 2291 1533 capello-

37 1552 292 1608 altanus
335 1547 710 1604 Leodiensium
750 1546 1036 1603 historicus
1076 1549 1137 1603 in
1178 1561 1223 1603 a.
1254 1546 1316 1602 D.
1347 1546 1468 1603 944.
1509 1547 1677 1605 refert
1722 1549 1895 1606 adbuc
1935 1553 2112 1606 minus
2155 1558 2292 1608 con-

37 1642 359 1711 wentam.
2155 1658 2162 1667 ·

197 1728 289 1783 10.
358 1722 586 1780 Ladolflo
608 1725 765 1794 regis
804 1723 915 1781 filio
954 1724 1064 1782 iilia
1092 1725 1359 1782 mathildis
1394 1727 1646 1799 nascitur,
1688 1740 1828 1797 quae
1863 1726 2057 1784 deinde
2087 1740 2293 1797 cogno-

37 1817 181 1875 nini
235 1816 448 1883 mitae,
472 1812 708 1869 ottenis
757 1813 825 1869 Μ.
872 1813 1032 1886 tiliae,
1078 1817 1133 1871 in
1179 1816 1430 1872 abbatiae
1474 1815 1985 1885 Quedlinburgensis
2030 1818 2294 1887 regimine

37 1905 343 1964 tuccessit.
416 1901 532 1958 Udo
563 1916 745 1959 comes
775 1902 922 1974 obiit,
950 1902 1258 1959 llerimamii
1286 1905 1440 1959 ducis
1469 1904 1842 1960 Ailemanniae
1868 1902 2048 1975 frater,
2080 1908 2132 1960 et
2160 1916 2292 1973 per-

37 2000 225 2053 nissu
268 1992 428 2064 rem,
470 1992 723 2063 quicquid
765 1990 1013 2047 beneficii
1044 1994 1162 2047 sive
1188 1992 1643 2063 praefecturarum
1672 1992 1872 2061 habuit,
1913 1993 2066 2062 quasi
2094 1992 2293 2049 baere-

37 2087 280 2142 iitatem
320 2081 460 2136 inter
500 2079 641 2135 iiiios
683 2079 879 2136 divisit.
950 2081 1030 2136 lta
1062 2081 1305 2160 ‘loquitur
1343 2081 1633 2150 Reginonis
1678 2083 2028 2152 continuator,
2067 2086 2294 2152 ejusque

38 2186 239 2231 ‚ocum
269 2166 560 2240 scriptores
588 2182 762 2225 reram
793 2164 1083 2225 feudalium
1111 2170 1408 2241 producere
1436 2171 1629 2225 solent.
1703 2169 1822 2224 Hoc
1861 2173 2037 2224 tamen
2080 2183 2188 2224 nou
2217 2170 2294 2226 ita

37 2258 428 2331 accipiendum
468 2263 571 2330 est,
614 2271 680 2313 ac
707 2259 755 2313 si
782 2256 998 2313 feudum
1027 2257 1241 2329 aliquod
1271 2273 1370 2315 seu
1398 2257 1720 2315 beneficium
1748 2260 1802 2313 in
1826 2264 2011 2329 partes
2041 2258 2293 2330 secuerit,

37 2350 202 2424 mod
245 2352 373 2403 tunc
410 2345 881 2419 minime-licebat,
923 2348 1021 2403 sed
1060 2348 1204 2417 quod
1243 2350 1383 2403 inter
1425 2346 1565 2402 tilios
1609 2348 1746 2403 alius
1784 2345 1927 2402 aliud
1956 2346 2174 2401 sortitus
2205 2342 2295 2420 sit,

37 2445 285 2511 ‚aterna
324 2435 598 2491 voluntate
625 2449 657 2491 a
682 2448 816 2505 rege
852 2436 1210 2508 comprobata.
1282 2437 1417 2493 Nam
1453 2438 1507 2492 iu
1546 2450 1747 2492 morem
1770 2439 1881 2506 jam
1912 2436 2023 2490 tum
2060 2436 2297 2491 ierat'et

37 2540 200 2601 pene
243 2528 302 2581 in
339 2524 531 2594 legem,
571 2529 631 2579 ut
673 2526 953 2580 comitatus
997 2527 1163 2597 patris
1192 2524 1317 2580 tiliis
1348 2528 1469 2581 sine
1493 2539 1684 2594 magna
1710 2524 1921 2580 ratione
1945 2537 2055 2579 non
2079 2524 2293 2580 adime-

37 2622 262 2675 ’θεῖαι
322 2610 588 2684 udonem,
631 2626 747 2668 cum
777 2627 807 2666 a
835 2613 1071 2669 Roswita
1109 2626 1334 2683 praeses
1377 2615 1602 2681 dicatur,
1645 2615 1706 2666 ut
1745 2617 1905 2667 antea
1939 2608 2295 2685 Everbardus,

37 2698 224 2765 >tiam
266 2707 481 2774 praeter
521 2703 802 2757 comitatus
844 2714 974 2758 suos
1016 2704 1273 2770 majorem
1314 2703 1369 2757 in
1402 2700 1627 2757 Francia
1662 2698 1911 2754 orientali
1952 2698 2295 2756 autoritatem

37 2792 388 2862 marcuisse,
408 2795 553 2862 puto,
574 2795 696 2860 post
715 2788 1006 2847 Eberhardr
1025 2789 1229 2845 sobrini
1249 2800 1457 2854 casum
1479 2789 1630 2843 ducis
1651 2770 2040 2856 quodammodo
2060 2784 2294 2858 nomine,

37 2887 208 2942 τηε
252 2880 406 2936 missi
446 2882 743 2950 potestate3
796 2894 953 2949 quam
994 2879 1383 2949 (concessione
1421 2877 1566 2945 regis
1607 2872 1902 2946 peculiari)
1941 2874 2007 2929 ad
2049 2872 2295 2933 Udonem

37 2974 226 3031 ilium
253 2969 657 3038 primogenitum
689 2969 1005 3038 pervenisse
1028 2967 1138 3035 jam
1169 2965 1425 3020 dicemus.

202 3057 289 3113 ss.
359 3054 477 3111 Filii
519 3058 836 3126 susperstites
876 3057 967 3125 (ut
1007 3054 1075 3108 de
1108 3050 1428 3109 Gebebardo
1470 3065 1517 3107 a.
1546 3051 1610 3107 D.
1639 3050 1760 3106 938.
1793 3062 1956 3106 caeso
1981 3050 2058 3131 nil
2087 3050 2293 3123 dicam)

37 3163 164 3208 ιοιι
204 3146 559 3216 nominantur,
588 3144 687 3199 sed
714 3157 815 3199 eos
844 3154 1033 3199 eruere
1060 3143 1237 3198 datum
1270 3146 1353 3196 est
1382 3155 1452 3198 ex
1471 3141 1693 3197 Ditmari
1721 3138 2033 3212 praesertim
2061 3143 2298 3198 restituti

44 3239 216 3297 ocis.
291 3233 342 3288 Is
371 3237 492 3288 ante
523 3233 699 3288 omnia
728 3232 971 3303 caeteris,
1015 3235 1074 3285 ut
1115 3236 1350 3301 apparet,
1393 3232 1649 3298 majorem
1677 3234 1805 3286 natu
1834 3229 2297 3311 Udonemvducem

37 3321 382 3399 mppeditat,
425 3324 516 3391 qui
556 3324 611 3376 in
650 3320 896 3377 Calabria
938 3319 1134 3376 cecidit
1173 3334 1221 3375 a.
1250 3318 1312 3375 D.
1342 3318 1464 3389 982,
1492 3318 1652 3388 quem
1693 3316 1784 3374 lib.
1811 3318 1898 3374 m.
1941 3322 2298 3375 matris-suae

37 3408 381 3476 ivunculum
398 3410 651 3483 appellat,
681 3416 883 3479 patrem
910 3413 1001 3480 (ut
1025 3409 1166 3466 idem
1196 3410 1288 3480 ait,
1318 3407 1416 3463 sed
1444 3410 1738 3479 restitutus,
1768 3406 1864 3463 lib.¹
1881 3408 1977 3478 V.)
2006 3408 2298 3463 Hermanni

37 3503 297 3563 3ueviae
315 3500 404 3555 vel
424 3499 793 3554 Allemanniae
815 3498 980 3568 ducis,
1008 3499 1130 3569 ipse
1148 3511 1279 3552 vero
1298 3498 1513 3552 nonnisi
1532 3496 1789 3553 Franciae
1821 3497 1925 3552 dux
1954 3509 2078 3551 esse
2106 3497 2297 3569 potuit,

37 3602 238 3661 mque
280 3589 336 3644 in
368 3587 571 3644 bonore
599 3602 665 3642 ac
693 3587 849 3643 titulo
876 3589 1013 3657 patri
1042 3588 1323 3642 successit.
1396 3586 1535 3640 Hinc
1570 3585 1898 3655 intelligitur,
1929 3582 2122 3638 falsum
2152 3596 2297 3659 esse,

37 3678 203 3755 [uod
232 3676 543 3732 Biendelius
587 3690 653 3732 ex
691 3679 910 3732 nomine
946 3676 1064 3731 solo
1095 3675 1379 3731 divinavit:
1417 3673 1658 3731 Udonem
1686 3677 1999 3745 episcopum
2026 3669 2299 3739 Argento-

37 3772 330 3828 ·atensem
358 3763 561 3821 Udonis
601 3779 743 3821 nunc
784 3767 976 3820 mortui
1018 3763 1182 3819 filium
1226 3763 1414 3833 fuisse,
1459 3777 1636 3835 neque
1678 3764 1820 3819 enim
1858 3758 2151 3816 verisimile
2191 3760 2298 3834 est,

37 3862 195 3916 laos
217 3854 378 3909 simul
400 3852 612 3909 Udones
634 3852 844 3921 fratres,
873 3868 1034 3908 unum
1054 3853 1259 3923 ducem,
1292 3853 1517 3908 aiterum
1549 3854 1861 3922 episcopum
1887 3850 2109 3905 vixisse.
2169 3848 2300 3906 Post

37 3948 301 4007 Jdonem
329 3942 471 3999 bunc
499 3944 686 3999 ducem
715 3943 848 3998 duos
869 3941 1007 3997 alios
1025 3940 1228 3998 Udonis
1248 3956 1390 3995 nunc
1411 3938 1648 3996 defuncti
1672 3936 1812 3992 filios
1834 3936 1993 3994 babet
2009 3936 2298 4011 Ditmarus,

37 4048 180 4096 ram
217 4046 269 4088 a.
297 4032 358 4087 Β.
388 4031 493 4087 992
535 4030 782 4103 conradi,
824 4032 1116 4086 suevorum
1146 4031 1297 4085 ducis
1329 4029 1547 4098 egregii,
1589 4032 1645 4081 et
1673 4024 1854 4081 fratris
1882 4029 2001 4095 ejus
2031 4027 2300 4083 lieriberti

37 4124 286 4184 nortem
324 4119 509 4175 refert.
610 4118 817 4175 Nomen
857 4125 1032 4175 autem
1073 4118 1343 4175 Heriberti
1384 4120 1592 4188 patrem
1632 4115 1833 4170 indicat
1874 4115 2116 4171 Udonem
2153 4128 2300 4171 nunc

37 4210 389 4279 teruncium,
418 4209 505 4263 cui
533 4222 665 4263 uxor
694 4200 794 4263 fuit
821 4207 932 4263 iilia
959 4207 1227 4263 Heriberti
1256 4205 1299 4260 1.·
1327 4205 1538 4259 comitis
1563 4203 2062 4275 veromanduorum,
2081 4206 2168 4281 ‚uti
2195 4214 2298 4259 nos

37 4297 399 4360 &rodoardus
428 4297 588 4352 docet
615 4295 682 4351 ad
711 4294 980 4352 ι.·1).946.
1052 4297 1233 4365 Atque
1258 4293 1385 4348 iude
1411 4296 1607 4373 repetit
1634 4293 1932 4352 Albericus.
2008 4292 2139 4349 Inde
2169 4306 2299 4361 ergo

37 4387 335 4447 Her-iberti
372 4398 568 4442 nomen
608 4383 849 4440 familiae
885 4384 1091 4441 illatum
1127 4388 1227 4439 est.
1301 4381 1369 4437 Et
1395 4372 1708 4439 He'ribertus
1734 4396 1917 4439 rursus
1946 4372 2303 4437 filios'babuit

37 4474 418 4549 Gebhardum,
447 4474 889 4545 quemadmodum
917 4472 1177 4531 discimus
1201 4486 1272 4530 ex
1294 4470 1518 4529 Ditmari
1544 4470 1639 4529 lib.
1660 4471 1770 4545 vil,
1798 4471 2169 4544 cognominem
2196 4484 2299 4528 avo
