2817 4959
564 382 1096 454 ANNALffS
1171 387 1630 456 IMPERII
2082 390 2202 460 531

35 559 197 613 erto
228 555 387 614 filiis
424 556 677 616 Friderici
718 559 874 616 villas
916 561 1172 632 quasdam
1212 561 1278 618 ad
1319 561 1514 618 flumen
1549 560 1764 635 Funam,
1804 564 1861 620 in
1885 576 2024 634 pago
2052 564 2206 622 Seri·
2235 565 2303 634 Α.
2326 565 2465 638 945.

52 646 327 703 j-land
388 648 447 701 in
487 649 742 704 comitatu
783 648 1086 707 Christiani.
1190 647 1387 706 Geroni
1428 651 1686 722 quaedam
1729 651 1799 707 ob
1841 650 1982 709 bene
2022 657 2213 711 merita

68 740 252 805 sunt,
304 734 663 807 scribuntque
689 736 1003 805 sigebertus
1032 735 1439 795 Gembiacensis
1466 744 1523 795 et
1549 739 1847 811 Albericus,
1889 740 2081 797 Slavos
2107 741 2214 799 hoc

95 823 187 879 ab
224 836 306 879 eo
336 824 519 879 victos
549 830 607 887 et
633 825 951 882 debellatos.
1025 824 1135 881 Eos
1162 826 1423 898 intelligo,
1466 829 1556 898 qni
1594 826 1756 884 hodie
1780 827 1994 885 Lusacii
2020 830 2214 900 appel-

35 926 147 967 ιτς
203 910 493 968 Caesellis
537 912 860 982 (Bassorum
889 912 1136 986 castello,
1178 920 1236 971 nt
1264 917 1488 988 opinor)
1528 916 1583 971 in
1626 921 1892 973 conventu
1934 931 2215 989 procerum

35 1003 191 1056 uter
224 999 627 1057 Herimannum
656 1006 711 1059 et
729 1002 1028 1059 Conradnm
1047 1001 1229 1074 duces,
1255 1007 1530 1074 cognatos,
1558 1006 1618 1059 ut
1643 1007 1850 1076 opinor,
1877 1007 2215 1075 imperatoris

38 1091 252 1144 *ritate
280 1095 572 1159 composta
591 1094 692 1161 est,
718 1090 795 1145 ihi
825 1090 985 1146 etiam
1014 1089 1321 1149 confirmata
1340 1091 1642 1149 Christiano
1664 1095 1844 1149 comiti
1866 1093 2082 1150 donatio
2110 1098 2213 1165 est,

36 1191 105 1233 ra
135 1181 482 1249 memorata,
519 1178 661 1249 quod
693 1191 762 1235 ex
788 1180 1143 1235 monumentis
1171 1178 1312 1236 haud
1342 1181 1504 1237 dubie
1530 1184 1735 1238 notavit
1760 1181 2028 1239 annalista
2051 1181 2215 1253 Saxo,

36 1280 104 1321 m
136 1267 204 1320 in
236 1265 698 1323 Balberstadensi
724 1267 967 1323 dioecesi
999 1269 1290 1338 scripsisse
1318 1271 1578 1339 suspicor.

87 1354 149 1409 3.
256 1352 551 1409 Bertoldus
590 1356 697 1410 dux
736 1355 992 1412 Bavariae
1032 1356 1181 1429 obiit,
1236 1359 1294 1413 in
1332 1356 1602 1416 Aitaichio
1641 1357 1898 1415 inferiore
1938 1358 2218 1428 Bajoariae

38 1443 305 1497 austerio
339 1443 601 1514 sepultus,
631 1448 817 1500 autore
846 1444 1127 1502 Aventino.
1208 1444 1478 1502 Promissa
1505 1448 1560 1501 ei
1587 1443 1762 1503 fuerat
1789 1445 1898 1502 iiiia
1925 1443 2219 1504 Giselberti

38 1533 103 1586 is
125 1544 208 1587 ex
230 1529 515 1598 Gerberga
534 1544 723 1587 sorore
742 1533 969 1605 ottonis,
998 1536 1096 1590 sed
1119 1548 1186 1590 an
1214 1549 1313 1606 per
1339 1537 1573 1591 aetatem
1590 1534 1813 1603 virginis
1830 1537 2216 1591 matrimonium

36 1621 591 1675 consummationem
618 1622 939 1692 pervenerit,
964 1619 1058 1677 diu
1081 1621 1332 1678 dubitavi.
1388 1622 1449 1678 Id
1477 1627 1657 1678 tamen
1685 1621 1881 1680 sactum
1899 1623 2015 1679 vult
2030 1623 2218 1681 Aven-

36 1722 113 1779 ιε,
161 1722 340 1778 quem
371 1708 663 1763 veridicum
704 1708 918 1764 tandem
957 1708 1303 1778 deprehendi.
1376 1709 1619 1767 Hundius
1658 1711 1968 1767 Bruschium
1995 1715 2217 1767 secutus

35 1792 339 1853 uiti-noem
386 1795 638 1866 appellat,
696 1809 838 1865 qnae
883 1797 1157 1864 Bergense
1210 1801 1593 1856 monasterium
1646 1800 1955 1856 monialium
2001 1798 2219 1855 dimidia

40 1899 115 1940 ca
146 1898 187 1940 a
216 1883 516 1953 Neuhurgo
556 1882 870 1939 Danubiano
908 1898 955 1939 a.
984 1884 1046 1940 D.
1075 1885 1195 1943 976.
1228 1885 1474 1959 fundarit,
1522 1890 1896 1943 consentiente
1923 1884 2123 1943 ottone
2147 1886 2218 1943 ΙΙ.

35 1972 175 2030 uem
224 1972 451 2027 tabulae
491 1969 740 2040 adjectae
782 1968 1027 2043 fuissent,
1068 1979 1129 2029 ut
1154 1978 1444 2045 constaret,
1485 1989 1553 2031 au
1580 1975 1820 2030 Bertoldi
1848 1974 2000 2030 ducis
2026 1973 2218 2031 relicta

36 2063 139 2117 urit.
226 2060 367 2115 Nam
394 2058 681 2115 Bruschius
710 2061 892 2127 variat,
925 2058 1128 2117 fatente
1158 2060 1382 2135 Rundio,
1411 2066 1469 2118 et
1496 2062 1603 2117 alio
1631 2061 1756 2117 loco
1786 2062 1976 2119 Gutam
2003 2062 2216 2118 viduam

35 2147 214 2205 rioldi
260 2150 474 2204 comitis
516 2149 584 2205 de
624 2146 959 2203 Lechsmund
1000 2147 1349 2205 fundatricem
1389 2150 1610 2207 inducit.
1681 2149 1826 2206 Sane
1859 2164 1970 2208 non
2007 2150 2215 2221 desunt,

35 2238 49 2293 ί
80 2234 400 2293 Giselberti
428 2241 485 2293 et
512 2235 815 2304 Gerbergae
843 2235 1004 2292 filiam
1033 2235 1357 2307 Gerbergam
1378 2243 1591 2308 vocant,
1623 2243 1679 2295 et
1703 2242 1897 2308 postea
1923 2237 2217 2294 Adeiberto

40 2324 360 2381 romanduo
397 2325 667 2381 Heriberti
694 2324 759 2380 11.
797 2323 907 2380 filio
943 2328 1160 2397 nuptam
1196 2325 1399 2382 volunt.
1473 2326 1553 2383 lta
1585 2326 1886 2398 Buccetius‚
1924 2328 2015 2398 qui
2042 2326 2216 2382 mariti

40 2415 248 2470 uxoris
292 2412 502 2469 chartas
544 2425 832 2485 superesse
873 2411 1075 2469 scribit.
1146 2412 1295 2471 Haec
1330 2428 1461 2482 ergo
1489 2413 1815 2471 discussioni
1852 2414 2097 2485 ampliori
2122 2425 2217 2470 re-

36 2516 183 2574 que.
258 2500 325 2557 Et
353 2503 523 2572 potnit
545 2504 671 2571 pest
695 2501 934 2557 Bertoldi
961 2506 1187 2558 mortem
1216 2516 1284 2558 ex
1310 2503 1557 2572 Bajoaria
1584 2502 1650 2558 ad
1677 2502 2060 2559 Lotharienses
2085 2502 2217 2558 red-

35 2606 132 2648 ee:
166 2590 279 2645 nisi
299 2591 417 2658 quis
434 2589 624 2660 plnres
645 2587 950 2645 Giselberto
980 2590 1116 2645 filias
1138 2591 1347 2661 tribuat,
1375 2591 1646 2646 historicis
1663 2591 1939 2647 veteribus
1968 2591 2213 2648 indictas.

36 2695 114 2737 ne
158 2677 538 2735 etAlbradam
582 2677 888 2746 Gerbergae
929 2675 1091 2732 filiam
1133 2678 1227 2733 aiii
1263 2690 1332 2733 ex
1366 2677 1639 2733 Ludovico
1668 2677 2038 2734 'transmarino
2066 2691 2213 2747 rege,

35 2772 65 2824 ti
90 2783 171 2825 ex
200 2768 383 2839 priore
408 2768 598 2823 marito
617 2764 921 2823 Giselberto
947 2767 1126 2820 natam
1145 2765 1344 2835 volunt,
1373 2765 1442 2821 de
1463 2779 1568 2836 quo
1588 2764 1828 2821 dicemus
1858 2765 1924 2821 ad
1949 2778 1996 2820 a.
2013 2765 2076 2821 D.
2091 2763 2214 2821 954.

35 2862 271 2914 ueterum
309 2859 365 2912 in
400 2866 686 2926 progressu
712 2853 1081 2909 historicarum
1110 2853 1541 2923 disquisitionem
1569 2867 1637 2908 eo
1669 2850 1880 2908 tandem
1908 2851 2118 2925 deveni,
2155 2857 2217 2909 nt

35 2960 84 3002 un
112 2949 322 3001 tantum
349 2943 736 2999 matrimonium
767 2942 965 2996 exitum
1004 2939 1259 2996 habuisse
1296 2941 1539 3013 arbitrer,
1580 2942 1678 2996 sed
1706 2941 1870 2996 etiam
1895 2939 2061 2996 filium
2087 2939 2214 2997 inde

35 3038 184 3105 itum,
226 3034 282 3088 in
320 3032 564 3100 Bajoaria
604 3034 898 3102 potentem,
944 3030 1034 3099 qui
1074 3016 1346 3099 postremo
1373 3029 1442 3085 ad
1471 3029 1718 3085 ducatum
1745 3030 2008 3098 pervenit.
2078 3027 2213 3084 Eum

35 3125 127 3178 iim
156 3124 288 3191 puto
312 3118 480 3175 fuisse
510 3119 810 3190 Henricum,
840 3120 930 3188 qni
947 3118 1119 3174 Minor
1140 3117 1456 3189 appellatur,
1479 3121 1674 3188 aetate,
1704 3118 1753 3173 si
1773 3131 1891 3173 cum
1913 3116 2123 3174 Ottonis
2142 3116 2213 3174 Μ.

36 3216 154 3267 atre
185 3209 411 3264 ilenrico
441 3221 831 3279 comparemus;
862 3209 1162 3276 autoritate,
1192 3207 1240 3260 si
1270 3221 1387 3262 cum
1417 3204 1528 3262 filio
1556 3205 1712 3275 hujus
1738 3206 1972 3263 Henrico
1990 3207 2057 3263 11.
2112 3205 2216 3271 Qui

36 3300 255 3356 enricus
282 3295 452 3352 Minor
474 3297 618 3352 idem
644 3295 833 3352 Hecilo
862 3301 918 3351 et
944 3293 1182 3350 Bertoldi
1220 3293 1362 3350 filius
1388 3294 1626 3351 Ditmaro
1655 3295 1862 3366 dicitnr,
1907 3292 2093 3351 Ottoni
2119 3293 2216 3351 111.

35 3403 49 3444 ι
72 3384 273 3444 tabulis
297 3398 481 3457 nepos,
509 3384 563 3440 id
592 3389 679 3440 est
706 3385 1024 3453 cognatione
1050 3383 1406 3454 propinquus;
1456 3386 1609 3438 erant
1635 3384 1776 3439 enim
1805 3383 1900 3439 filii
1930 3383 2215 3441 consobri-

36 3491 201 3545 orum,
227 3474 344 3545 quia
364 3472 489 3529 Otto
512 3473 735 3543 Magnus
763 3486 895 3529 avus
921 3476 1176 3543 paternus
1205 3472 1417 3527 ottonis
1445 3469 1538 3527 111.
1568 3474 1624 3528 et
1650 3470 1920 3543 Gerberga
1949 3473 2070 3528 avia
2096 3484 2215 3526 ma·

35 3577 148 3621 arna
184 3561 448 3618 Heciionis
484 3560 651 3617 i'rater
676 3566 731 3618 et
757 3575 910 3617 soror
937 3559 1107 3617 fuere.
1165 3560 1317 3616 Nunc
1344 3562 1633 3631 praeterito
1661 3558 1864 3617 infante
1893 3559 2004 3614 filio
2034 3556 2213 3612 fratris

35 3653 234 3723 sineris,
270 3663 455 3720 nempe
495 3648 749 3722 Bertoldi,
792 3650 1015 3706 ducatus
1042 3650 1197 3706 datus
1227 3652 1313 3706 est
1352 3646 1500 3704 filiae
1527 3647 1704 3704 fratris
1739 3649 1976 3718 majoriS,
2016 3658 2214 3716 nempe

35 3738 219 3811 inulti,
244 3739 326 3795 vel
351 3740 529 3809 potins
559 3741 678 3807 ejus
705 3739 912 3793 marito.

140 3831 195 3884 4.
263 3823 379 3882 Otto
395 3826 656 3897 precihus
683 3828 865 3882 matris
884 3825 1074 3896 victus,
1091 3823 1326 3882 Henrico
1354 3821 1502 3880 fratri
1519 3822 1801 3894 Juditham,
1823 3820 2024 3879 Arnulfi
2043 3834 2214 3892 nuper

35 3916 157 3975 tucis
187 3914 347 3988 filiam,
373 3914 604 3971 Bertoldi
631 3918 866 3985 neptem,
895 3912 1165 3983 conciliat,
1207 3914 1366 3983 eique
1403 3911 1658 3969 Bavariae
1699 3912 1947 3967 ducatum
1985 3909 2211 3968 confert.

35 4006 83 4061 ic
103 4012 216 4064 tum
239 4005 444 4074 primum
472 4004 696 4059 Bavaria
723 4002 822 4058 suh
850 4014 978 4071 rege
1005 4000 1216 4058 alienae
1244 4002 1429 4072 stirpis
1457 4001 1750 4072 principem
1779 3998 1922 4066 tulit;
1951 3998 2212 4056 hactenus

35 4098 151 4153 inim
181 4094 265 4149 aut
287 4107 315 4148 a
337 4093 463 4164 suis,
504 4095 596 4148 aut
622 4105 654 4147 a
680 4088 896 4161 regibus
925 4088 1225 4160 Carolingis
1261 4087 1557 4160 gubernata
1584 4091 1683 4144 est.
1754 4086 2020 4167 {uditham
2049 4087 2212 4145 witi-

35 4182 203 4243 kindus
227 4185 367 4237 vocat
399 4179 688 4238 foeminam
729 4180 980 4251 egregiae
1008 4177 1213 4235 formae
1240 4179 1516 4247 miraeque
1542 4175 1873 4247 prudentiae.
1946 4176 2212 4232 Henricus

35 4273 175 4332 utiam
204 4283 264 4326 ex
288 4282 345 4325 eo
368 4270 479 4340 regi
506 4268 643 4325 fidus
671 4270 879 4342 mansit,
907 4267 1006 4326 sed
1034 4266 1229 4324 fratres
1246 4264 1496 4323 Judithae
1523 4267 1670 4322 tauta
1697 4266 1956 4337 dignitate
1986 4261 2214 4335 depulsi,

35 4362 207 4422 minus
230 4362 390 4428 tegere
425 4372 535 4416 non
574 4362 817 4431 potuere,
859 4371 926 4415 ex
953 4355 1146 4428 quibus
1172 4352 1427 4411 Arnulius
1453 4357 1647 4427 postea
1672 4351 1900 4411 Ludolso
1926 4353 2072 4419 regis
2100 4349 2212 4405 filio

35 4448 81 4504 ιᾱ
111 4448 388 4526 pellendum
427 4452 671 4518 patruum
711 4447 911 4505 auxilio
944 4445 1059 4502 suit.
1129 4443 1259 4516 Rex,
1285 4444 1452 4501 rebus
1483 4447 1540 4502 in
1568 4442 1852 4501 Germania
1879 4438 2211 4510 compositis,

35 4531 250 4602 Rhenum
282 4536 488 4607 transiit,
530 4537 586 4593 et
611 4538 668 4592 in
694 4534 928 4591 Lotharii
966 4546 1186 4602 regnum
1227 4532 1503 4607 profectus
1531 4537 1633 4604 est,
1673 4546 1795 4587 cum
1833 4526 2212 4596 intellexisset,

1654 4638 1792 4706 34·
