2817 4959
702 281 1243 364 ANRALES
1304 293 1769 368 ulrum!
2223 303 2354 373 369

75 479 293 524 nuos
321 466 585 524 orationis
624 468 817 539 specie
855 467 1055 541 adisse,
1092 482 1285 528 revera
1309 474 1370 530 ut
1396 470 1578 530 locum
1603 472 1988 551 specularetur,
2030 476 2090 535 in
2117 491 2225 551 quo
2252 494 2349 537 arx
2374 479 2442 550 Α,
2458 479 2600 554 m,

74 557 371 613 collocari
416 558 633 628 posset3
679 559 739 612 et
780 561 1181 630 opportunitate
1227 562 1364 617 situs
1404 565 1712 635 perspecta,
1752 567 1996 634 jactasse
2018 568 2166 624 inter
2198 583 2349 645 suos,

73 643 424 703 effecturum
466 658 612 717 sese,
650 647 714 701 ut
746 644 868 702 itali
904 649 1255 718 imposterum
1293 651 1513 707 nonnisi
1551 666 1659 709 uno
1688 652 1886 709 calcari
1910 658 2205 730 uterentur,
2242 673 2350 717 nec

71 737 204 791 nisi
235 733 576 792 deformibus
600 733 841 805 equabus
863 735 1203 794 veherentur.
1246 737 1306 794 Id
1330 740 1596 810 quendam
1624 740 2040 818 inobservatum,
2068 745 2350 805 Teutonici

77 826 378 880 sermonis
419 823 721 896 callentem,
767 824 836 881 ad
882 824 1345 896 archiepiscopum
1388 828 1662 901 retulisse,
1721 831 1958 904 indeque
2003 835 2128 891 odia
2171 841 2347 894 auom.

79 911 242 977 Quid
289 913 505 969 multis!
553 927 671 969 cum
717 917 997 970 revertens
1041 914 1311 971 Novariae
1351 920 1746 991 pernoctasset,
1794 924 1851 975 et
1893 936 2050 979 mane
2092 899 2348 994 egressus

76 1000 308 1071 oppido
346 1000 668 1072 Eporediam
715 1003 975 1075 tenderet,
1022 1004 1081 1060 in
1123 1003 1314 1060 hostes
1357 1005 1683 1077 improvises
1726 1008 1931 1080 incidit,
1974 1014 2032 1066 et
2070 1012 2127 1066 in
2166 1011 2349 1082 fugam

73 1102 299 1146 versus
341 1104 463 1147 cum
504 1104 647 1163 equo
687 1093 746 1148 in
786 1088 990 1148 fossam
1021 1094 1256 1148 civitatis
1283 1091 1488 1165 lapsus,
1530 1091 1738 1151 lanceis
1767 1095 2089 1156 confoditur.
2151 1099 2263 1158 Sed
2291 1107 2349 1160 et

77 1180 334 1236 comites
363 1180 500 1235 lutra
526 1180 817 1237 ecclesiam
844 1179 900 1236 S.
927 1177 1228 1253 Gaudentii,
1266 1183 1324 1238 in
1351 1195 1512 1252 quam
1539 1195 1602 1239 se
1628 1190 1962 1258 receperant,
2002 1190 2175 1244 occisi
2202 1194 2344 1247 sunt.

76 1267 175 1324 Eo
215 1269 411 1325 nuntio
448 1274 694 1342 accepto,
733 1267 994 1325 Roduifus
1033 1268 1240 1326 Italiam
1284 1283 1384 1340 pro
1431 1270 1692 1328 derelicta
1734 1272 1936 1330 habuit.
2004 1275 2346 1334 Frodoarrlus

82 1357 330 1414 caedem
357 1357 609 1413 Burcardi
636 1355 763 1413 filiis
793 1357 988 1414 Bertae
1013 1355 1226 1424 tribuit3
1257 1333 1360 1413 sel
1388 1357 1543 1429 nugo
1570 1360 1803 1417 nendum
1832 1363 2047 1434 aderat3
2083 1365 2150 1421 ad
2177 1364 2344 1423 filiam

80 1445 312 1518 Ber-tae,
340 1444 753 1515 Ermengardem
780 1446 1130 1502 incentricem
1166 1445 1498 1520 rebellionis,
1526 1461 1744 1506 musam
1769 1448 1976 1508 referre
2001 1451 2202 1509 malim.

239 1533 294 1589 3.
366 1532 530 1589 Ροιτο
554 1533 708 1604 Ilugo
738 1548 808 1591 ex
831 1531 1114 1593 Provincia
1139 1534 1379 1607 solvens,
1407 1536 1589 1594 classe
1614 1538 1672 1593 in
1700 1537 1909 1595 Italian
1934 1543 2101 1614 venit,
2134 1546 2342 1602 etcum

84 1622 241 1695 apud
269 1621 424 1678 Pisas
453 1622 767 1696 appulisset,
805 1624 1040 1680 extincta
1075 1627 1261 1697 matre,
1299 1637 1332 1680 a
1359 1623 1525 1682 fratre
1552 1625 1781 1684 widone
1824 1627 2056 1686 Tusciae
2097 1633 2346 1703 principe

89 1716 364 1790 exceptus
409 1714 512 1767 est.
579 1712 821 1768 Ticinum
867 1711 1089 1769 tenebat
1124 1711 1503 1783 Ermengardis
1544 1728 1717 1770 soror.
1798 1715 2115 1774 Lambertus
2161 1719 2342 1775 archi·

84 1803 394 1872 episcopus
420 1800 859 1873 mediolanensis,
902 1800 1163 1857 hactenus
1199 1803 1257 1857 in
1298 1801 1514 1857 occulto
1554 1801 1763 1874 favens,
1804 1807 1916 1873 jam
1956 1810 2342 1864 remoto-metu

84 1895 282 1961 partos
328 1888 609 1960 professus
657 1894 757 1945 est.
839 1890 1029 1961 Itaque
1071 1889 1351 1959 lingonum
1395 1894 1525 1946 tuno
1567 1893 1936 1961 inauguratum
1982 1894 2343 1964 regno-Lon·-

85 1977 472 2050 gobardorum,
498 1992 608 2035 nou
636 1977 838 2034 dubito.
913 1979 1110 2049 Papiae
1151 1977 1719 2050 inisse-Luitprandus
1760 1981 1954 2053 prodit.
2016 1981 2098 2037 Ex
2138 1997 2342 2052 genere

84 2067 420 2124 Francorum
457 2066 647 2139 fuisse,
689 2068 764 2123 ait
790 2067 1163 2140 buum-andus,
1205 2070 1262 2123 at
1299 2080 1521 2124 uxorem
1546 2065 1740 2126 Aldem
1781 2074 1944 2139 gente
1970 2071 2335 2129 Teutonicum.

85 2157 303 2228 Nempe
349 2161 478 2213 tunc
520 2156 777 2228 paulatin
825 2156 1147 2212 Francorum
1206 2155 1501 2226 appellatio
1560 2156 1627 2213 ad
1672 2159 2043 2216 occidentales
2086 2163 2338 2230 restringi

87 2248 295 2317 coepit.
357 2245 671 2301 'tetbaldum
700 2245 1036 2315 Burgundum
1073 2250 1282 2316 patrem
1308 2246 1457 2316 regis
1482 2244 1722 2315 Ragonio
1750 2246 1940 2319 fnisse,
1980 2262 2107 2304 mox
2134 2248 2338 2321 proba-

87 2334 254 2392 bitur.
315 2333 512 2391 Fuerat
548 2333 645 2389 ilie
687 2333 794 2389 dux
833 2336 1104 2405 copiarum
1133 2333 1393 2408 lingonis,
1437 2347 1505 2391 ex
1531 2333 1783 2391 Lothario
1809 2349 1943 2406 rege
1968 2343 2026 2393 et
2049 2337 2338 2396 waldrada

88 2425 278 2494 geniti,
320 2425 474 2492 cuius
503 2436 662 2478 casus
689 2436 849 2492 supra
874 2426 1316 2492 memoravimus;
1363 2426 1421 2480 et
1445 2437 1689 2481 sororem
1716 2427 1837 2495 elus
1866 2426 2098 2497 Ber-tam,
2138 2427 2336 2484 iisdem

87 2510 406 2585 parentibus
434 2516 631 2582 natam,
657 2511 881 2568 duxisse
908 2517 1259 2583 memoratum
1286 2511 1432 2568 unde
1460 2516 1518 2568 et
1544 2511 1711 2570 filium
1727 2514 2023 2585 lingonum,
2046 2514 2336 2572 Arelaten-

88 2614 210 2657 sem
238 2600 433 2657 deindo
474 2601 741 2672 comitem,
781 2605 1054 2672 postremo
1086 2598 1275 2656 ltaliae
1306 2614 1510 2673 regem,
1548 2603 1786 2672 itemque
1818 2602 2104 2675 Bosouom,
2132 2602 2333 2659 factum

89 2706 126 2748 a
151 2689 318 2745 fratre
355 2689 584 2744 Tusciae
625 2688 1004 2761 marchionem,
1042 2694 1377 2759 susceperat.
1440 2688 1499 2745 Si
1538 2689 2128 2762 Aventino-credimus,
2174 2690 2331 2760 nugo

89 2776 499 2835 Arelatensibus
543 2776 853 2847 praefectus
901 2780 986 2834 est
1029 2791 1079 2833 a.
1120 2776 1182 2833 D.
1222 2776 1345 2847 890,
1408 2790 1531 2832 cum
1575 2775 1849 2832 Ludovico
1894 2792 2116 2847 reguum
2161 2781 2332 2848 patris

89 2867 323 2924 Bosouis
352 2867 640 2922 autoritate
664 2866 867 2922 Arnulfl
895 2867 1037 2935 regis
1066 2864 1385 2921 Germaniae
1426 2866 1483 2920 in
1511 2865 1717 2935 synodo
1744 2862 2112 2921 affirmaretur.
2175 2866 2332 2935 1:1qu

90 2959 288 3019 autem,
314 2954 456 3012 fliius
474 2954 710 3011 Lotharii
736 2957 899 3025 ποεῖς,
929 2953 998 3009 ob
1027 2956 1211 3009 matris
1240 2953 1547 3023 conjugium
1574 2966 1672 3023 pro
1701 2951 1868 3034 noaino
1895 2951 2127 3025 habitus,
2150 2967 2329 3024 eoquo

92 3046 359 3114 exclusus,
388 3048 446 3100 et
471 3058 591 3101 cum
618 3057 840 3113 regnum
868 3047 1164 3114 appeteret,
1193 3053 1489 3113 oppressus
1518 3045 1622 3097 est.
1658 3040 1815 3096 Berta
1843 3041 2099 3098 secundis
2124 3044 2329 3111 nuptiis

91 3132 375 3190 adelberto
417 3134 624 3205 potenti
665 3132 947 3189 Hetruriae
988 3133 1112 3188 duci
1153 3135 1429 3203 nupserat,
1468 3129 1595 3187 inde
1631 3128 1847 3187 tandem
1887 3126 2001 3185 filio
2030 3130 2231 3187 aditum
2257 3132 2329 3188 ad

89 3237 308 3292 renum
336 3220 479 3278 fecit.
543 3221 622 3276 Ex
650 3220 947 3277 Adalberto
988 3222 1102 3276 nati
1142 3223 1266 3276 sunt
1293 3217 1451 3275 wido
1492 3223 1551 3275 et
1587 3215 1919 3291 Lambertus,
1962 3233 2188 3290 quorum
2228 3220 2329 3278 illo

91 3313 246 3384 patri,
284 3310 374 3366 liic
415 3310 560 3366 fratri
599 3310 656 3364 in
692 3309 887 3365 Tuscia
923 3309 1162 3379 regenda
1201 3310 1486 3364 successit.
1547 3307 1708 3364 Wido
1753 3308 1916 3365 etiam
1944 3308 2166 3365 Mariam
2206 3311 2328 3366 sive

90 3397 392 3470 Haroziam,
419 3398 657 3456 Alberici
683 3398 1008 3454 marchionis
1025 3398 1327 3465 viduam,in
1346 3397 1680 3453 matrimonio
1708 3395 1958 3453 habebat.
2004 3397 2321 3466 conjugium

92 3486 342 3556 Sigonius
379 3490 437 3544 in
475 3487 617 3544 huno
654 3501 850 3543 annum
889 3485 1074 3559 refert,
1114 3487 1211 3542 sed
1241 3485 1346 3542 hoo
1385 3500 1495 3541 non
1533 3484 1736 3541 iudicat
1760 3484 2134 3555 Luitprandus.
2197 3485 2322 3557 ipsa

91 3576 292 3633 Romae
315 3575 597 3646 plurimun
621 3579 865 3648 poterat3
912 3575 1093 3645 itaque
1133 3573 1407 3631 Johannes
1448 3575 1612 3630 etiam
1650 3571 1897 3644 pontifex
1926 3573 2136 3641 nugoni
2172 3571 2323 3647 favit,

93 3669 150 3723 et
173 3664 438 3720 Hantuam
462 3678 635 3735 usque
664 3675 998 3735 progressae,
1041 3662 1238 3719 foedus
1264 3677 1381 3718 cum
1409 3663 1531 3734 ipso
1572 3663 1855 3732 percussit.
1919 3661 1965 3715 A
2008 3659 2323 3719 fortitudine

93 3758 147 3813 et
161 3756 374 3823 monio
395 3753 750 3824 Luitpraudus
779 3752 921 3809 hunc
944 3765 1129 3823 regem
1148 3751 1355 3823 laudat;
1373 3754 1578 3808 tantum
1594 3749 1791 3823 culpat,
1811 3748 1954 3821 quod
1978 3750 2036 3804 in
2064 3748 2320 3809 libidines

94 3842 310 3903 effusior
329 3839 542 3897 fuisset.

226 3933 278 3987 4.
350 3930 457 3988 Sed
479 3931 728 4001 quoniam
746 3943 876 3988 vera
901 3929 1056 4000 origo
1081 3929 1323 4001 Hugonls
1349 3930 1497 3999 regis
1522 3925 1714 3984 ltaliae
1742 3926 1833 3982 diu
1858 3925 2032 3993 latuit,
2056 3929 2319 4002 visusque

93 4024 177 4079 est
198 4020 471 4091 plerisque
512 4033 582 4077 ex
621 4022 791 4091 stirpe
818 4018 996 4076 Caroli
1022 4017 1200 4090 Magni
1239 4032 1340 4091 per
1375 4031 1553 4075 mares
1595 4017 1954 4089 processisse,
1994 4017 2137 4074 dicta
2165 4033 2320 4074 com-

88 4109 311 4183 probare
336 4122 542 4181 operae
568 4110 796 4181 pretinm
824 4110 939 4167 erit.
977 4106 1333 4179 Cuspinianus
1360 4106 1611 4164 Lothario
1636 4107 1754 4174 regi
1788 4107 2106 4163 Austrasiae
2146 4106 2317 4165 filium

88 4197 384 4255 Letharium
423 4198 799 4255 Arelatensem
837 4200 1135 4270 principem
1176 4198 1338 4269 dedit,
1378 4203 1586 4269 patrem
1622 4195 1862 4265 lingonis
1902 4195 2094 4254 ltaliae
2133 4197 2315 4266 regis3

87 4302 209 4346 eum
249 4286 548 4359 onuphrius
588 4292 645 4343 et
683 4286 935 4356 Sigonius
976 4289 1101 4343 sant
1142 4289 1332 4343 secuti.
1410 4286 1493 4342 lta
1533 4298 1602 4343 ex
1642 4283 1755 4341 filio
1792 4288 1975 4342 uatum
2016 4284 2313 4357 credidere,

90 4379 178 4446 qni
221 4389 288 4432 ex
334 4375 444 4431 lilla
486 4373 603 4446 fuit,
656 4378 710 4432 et
755 4375 1041 4434 Cal-olinae
1085 4378 1242 4446 stirpi
1283 4376 1580 4432 inseruere.
1652 4373 1847 4431 Filium
1890 4373 2125 4430 Lotharli
2167 4375 2315 4443 regis

90 4464 385 4528 bouarium
411 4468 627 4521 veteres
655 4466 914 4552 ignorant.
949 4464 1228 4535 nugonem
1256 4477 1326 4525 ex
1343 4463 1630 4525 waldrada
1655 4469 1857 4535 natum,
1884 4462 2315 4520 memoravimus.

194 4582 448 4619 aursus
481 4581 702 4617 ursan
730 4584 856 4618 τοι.
882 4571 947 4617 11.
1269 4581 1280 4594 “
1766 4572 1852 4639 24
