2817 4959
532 307 659 374 372
729 335 748 358 =
1113 304 1650 375 ANNALES
1722 303 2179 374 mPERii

280 479 508 553 Lm
671 482 723 540 6.
794 481 954 539 Pulso
993 494 1126 551 ergo
1167 479 1397 538 liudolfo
1439 485 1496 539 et
1534 480 1758 550 Hagdue
1799 485 2041 555 recepto,
2094 479 2290 538 exinde
2331 479 2673 553 diplomata
2710 487 2813 555 per

528 570 735 630 ltaliam
761 572 917 628 anuis
956 572 1109 639 regni
1136 570 1376 639 lingonis
1414 575 1604 628 notata
1632 574 1770 628 sunt.
1850 569 2185 627 Giselbertus
2231 568 2541 640 aliquoties
2579 585 2813 628 nme-¹

527 665 675 718 ratus
704 662 845 718 sacri
872 659 1058 732 palatii
1085 673 1285 733 comes,
1312 663 1368 716 in
1397 658 1668 720 nonnullis
1695 661 2012 715 nominatur.
2089 656 2204 714 Hoc
2230 659 2640 717 intercessore
2672 677 2791 717 cua·

528 749 734 807 firmata
775 751 898 805 sunt
937 748 1220 820 privilegia
1257 749 1481 805 Astensi
1521 747 1808 819 ecclesiae,
1855 763 2004 804 anno
2043 749 2345 804 dominicae
2382 752 2643 805 mam
2681 752 2788 818 926,

522 839 667 910 prid.
697 837 782 894 111.
809 837 945 894 Nov.
971 838 1083 893 ind.
1113 839 1198 909 15,
1241 837 1487 908 Huqom‘s
1528 839 1856 892 summi
1895 839 2039 908 reqis
2073 840 2271 906 primo.
2350 835 2567 892 Actum
2614 825 2813 894 Attae

527 927 621 984 Sic
647 928 808 984 etiam
836 925 904 983 ad
933 938 1125 996 preces
1144 924 1420 982 Adalberti
1446 927 1651 994 egregii
1676 923 1965 996 praesulis,
2000 929 2059 982 et
2085 923 2375 981 Giselberti
2404 930 2571 982 sacri
2608 928 2793 999 palati

528 1017 756 1085 gloriosi
782 1015 1009 1087 comitis,
1036 1013 1251 1071 widoni
1278 1015 1538 1086 episcopo
1563 1014 1873 1070 Placentino
1901 1013 2222 1071 abbatiolam
2250 1017 2307 1070 in
2325 1016 2639 1078 'ticinensi
2670 1017 2795 1074 urbe

530 1104 588 1160 B.
619 1104 921 1161 christinae
967 1103 1194 1159 dicatam
1235 1101 1464 1173 donavit,
1507 1117 1654 1157 anno
1691 1106 1794 1157 inc.
1824 1103 1979 1159 Doni.
2007 1105 2128 1176 926,
2170 1106 2227 1160 4.
2253 1104 2374 1158 Kal.
2394 1104 2687 1161 Decem&
2714 1109 2795 1160 in-

499 1196 656 1250 ·dict.
685 1195 771 1265 15,
800 1207 947 1248 anno
972 1207 1105 1248 vero
1134 1193 1184 1246 d.
1210 1190 1456 1261 Huyom's
1481 1195 1625 1261 repis
1645 1194 1841 1260 primo.
1905 1191 2094 1247 Actum
2120 1192 2335 1264 Papiae.
2402 1192 2791 1251 Giselberian

530 1285 781 1339 comitem
824 1281 1011 1352 palatii
1054 1287 1181 1336 mox
1225 1280 1448 1352 obiisse,
1498 1292 1565 1334 ex
1608 1279 1919 1350 Luitprandi
1962 1279 2145 1338 verbis
2190 1281 2543 1354 intelligitur,
2596 1284 2795 1340 lima

531 1376 650 1442 ejus
693 1374 974 1442 conjugem
1015 1369 1371 1426 memorantis.
1435 1366 1614 1424 Medio
1649 1371 1761 1439 jam
1805 1382 1992 1426 mense
2030 1369 2172 1441 Majo
2214 1385 2447 1439 regnare
2500 1371 2793 1442 liuguae-

532 1461 801 1530 coepisse,
843 1459 970 1516 hinc
1006 1457 1295 1529 intelligas,
1335 1456 1479 1527 quod
1506 1455 1806 1514 Burcardus
1847 1457 2017 1514 Nonis
2043 1458 2170 1527 Haji
2198 1460 2415 1515 occisus
2450 1467 2571 1533 est,
2618 1469 2685 1532 et
2712 1462 2798 1516 ille

530 1552 720 1619 quarto
754 1547 879 1603 ldus
916 1551 1028 1617 jam
1068 1560 1165 1617 pro
1208 1558 1339 1616 rege
1380 1545 1594 1602 babitus
1635 1551 1737 1618 est,
1776 1550 1835 1602 ut
1863 1561 1929 1605 ea
1956 1546 2074 1603 dies
2099 1549 2240 1603 anni
2268 1547 2388 1619 929,
2428 1551 2501 1606 in
2542 1556 2799 1622 quartum

527 1638 679 1705 regni
708 1637 904 1692 cadere
932 1637 1121 1707 possit,
1163 1634 1608 1707 quemadmodum
1635 1635 1871 1707 diploma
1911 1636 2163 1692 ostendit.
2228 1636 2610 1696 ordinatione
2644 1640 2797 1696 cele-

527 1724 679 1782 brata
704 1724 972 1782 Veronam
998 1724 1176 1797 rediit,
1211 1723 1397 1794 ibique
1422 1724 1476 1780 8.
1505 1724 1584 1781 ld.
1610 1724 1743 1794 Aug.
1773 1727 1911 1795 egit3
1951 1724 2078 1780 inde
2102 1723 2352 1781 Mantuae
2380 1740 2519 1783 curn
2550 1728 2799 1785 Romane

527 1813 784 1887 pontifice
827 1813 1154 1884 colloquium
1195 1812 1397 1870 babuit.
1478 1812 1766 1869 Paradinus
1810 1827 1882 1869 ex
1927 1811 2217 1884 diplomate
2262 1816 2581 1889 contendit,
2634 1821 2795 1875 etia-

527 1905 675 1974 regis
714 1902 1054 1972 Burgundiao
1094 1901 1306 1959 titulum
1344 1903 1638 1970 sumsisse;
1681 1900 1778 1958 sed
1806 1915 1922 1971 ego
1962 1915 2071 1957 non
2100 1901 2280 1973 credo,
2322 1905 2475 1973 quod
2518 1920 2795 1977 nusqua-

529 1994 666 2049 alias
694 1997 936 2065 apparet,
974 1991 1067 2047 ubi
1104 1991 1403 2064 oportebat.
1461 1991 1607 2055 Quin
1633 1993 1830 2063 potius,
1871 2005 1977 2061 quo
2006 1988 2211 2046 firmius
2237 1993 2293 2046 in
2317 1990 2482 2048 ltalia
2514 2001 2793 2066 regnaret.

526 2096 669 2155 pace
709 2096 828 2138 cum
869 2078 1098 2137 liudolfo
1139 2078 1299 2151 facta,
1344 2080 1402 2134 in
1441 2079 1582 2135 hunc
1621 2083 1814 2149 pastea
1853 2078 2123 2135 transtulit
2162 2093 2371 2136 omnem
2415 2083 2513 2137 sui
2564 2084 2794 2140 ducatus

527 2173 870 2242 potestatem,
899 2184 1006 2241 qua
1032 2171 1156 2238 post
1183 2172 1408 2224 mortem
1437 2166 1694 2223 Ludovici
1715 2165 1843 2225 Orbi
1872 2183 1969 2240 pro
1997 2181 2124 2238 rege
2145 2167 2353 2238 agebat.
2395 2167 2484 2224 Ex
2506 2185 2589 2227 eo
2603 2173 2792 2241 juncto

527 2258 884 2328 Transjurano
914 2257 1329 2324 Bosonianoque
1356 2268 1524 2324 regno
1551 2269 1747 2311 novum
1776 2257 2021 2330 surrexit,
2063 2257 2205 2329 quod
2240 2256 2398 2313 modo
2428 2259 2813 2332 arelatem„

525 2347 688 2403 modo
715 2344 1104 2412 Burgundicum
1133 2342 1334 2399 dictum
1362 2347 1463 2399 est.

669 2435 718 2489 7.
792 2433 1006 2491 interea
1033 2430 1300 2486 Henricus
1332 2446 1430 2487 rex
1449 2429 1793 2502 Germaniae,
1815 2446 1941 2503 ·quo
1968 2436 2140 2504 magis
2165 2433 2533 2494 Lothariense
2563 2453 2792 2511 regnan

527 2521 634 2579 sibi
675 2521 924 2594 firmaret,
962 2518 1323 2576 Everbardum
1365 2520 1806 2592 praedecessoris
1834 2520 2066 2578 -fi’atrem
2108 2525 2211 2592 (aa
2235 2528 2294 2580 ut
2317 2524 2665 2587 Austrasiae
2707 2544 2791 2586 seu

528 2611 788 2669 Franciae
829 2608 1109 2666 orientalis
1155 2608 1421 2680 ducemi)
1463 2609 1596 2664 illuc
1634 2611 1796 2665 mittit
1822 2611 2073 2679 ¹justitiae
2110 2612 2579 2672 administrandae
2605 2631 2791 2686 eam

527 2705 591 2757 ut
618 2699 1012 2758 controversias
1051 2710 1336 2769 procerum
1363 2702 1730 2770 componeret,
1769 2700 1889 2771 ipso
1917 2713 2049 2770 rege
2075 2700 2164 2757 vel
2190 2703 2463 2774 impedito,
2508 2707 2617 2762 vel
2654 2710 2789 2764 iavi-

530 2790 674 2847 diam
700 2788 1022 2847 offensorum
1049 2791 1343 2860 potentum,
1387 2801 1526 2857 quos
1568 2799 1822 2844 coercere
1865 2802 2099 2845 necesse
2140 2796 2269 2860 erat,
2310 2793 2365 2846 in
2393 2791 2575 2850 alium
2608 2801 2790 2853 trans-

529 2877 759 2936 ferente.
807 2876 1094 2935 ·Conradus
1138 2878 1300 2933 etiam
1345 2879 1472 2935 ante
1518 2891 1741 2945 regnum
1784 2879 1839 2934 in
1877 2876 1990 2934 illis
2029 2878 2339 2949 regionibus
2377 2881 2611 2940 validus
2664 2891 2793 2954 erat,

532 2981 778 3038 opesque
805 2967 1008 3037 elus'in
1036 2963 1395 3021 Everhardum
1427 2963 1642 3022 fratrem
1682 2965 1958 3023 fluxerant.
2033 2966 2167 3023 Inde
2206 2965 2332 3024 huic
2359 2972 2641 3028 autoritas
2676 2975 2790 3030 sui-

531 3056 720 3112 ficiens
741 3055 976 3112 vicariae
1003 3051 1070 3108 ad
1098 3058 1307 3123 tempus
1337 3056 1613 3123 potestati.
1664 3054 1765 3109 Diu
1785 3055 2009 3111 durasse
2036 3056 2401 3129 nonvidetur3
2431 3071 2563 3115 nam
2590 3069 2792 3133 postea

532 3141 910 3213 Giselbertum,
956 3140 1116 3197 ducta
1158 3140 1430 3212 Gerberga
1467 3143 1685 3199 Henrici
1726 3142 1850 3215 filia,
1895 3142 2086 3201 ducatu
2129 3143 2504 3216 Lotharingiae
2548 3153 2793 3220 potitum

530 3231 770 3301 apparet.
834 3228 1148 3298 sigebertus
1191 3232 1496 3300 conjugium
1535 3233 1591 3287 in
1630 3246 1825 3290 annum
1864 3229 1986 3288 929.
2018 3231 2205 3305 differt,
2252 3236 2376 3304 quia
2401 3234 2791 3296 Giselbertum

530 3321 656 3390 post
683 3319 883 3374 exitum
911 3318 1123 3373 demum
1145 3317 1323 3374 Caroli
1351 3321 1495 3390 regis
1522 3319 1753 3376 Henrico
1777 3320 2117 3376 conciliatum
2143 3324 2362 3392 putavit.
2412 3324 2791 3394 ungemar-iun

531 3409 723 3464 ducem
763 3409 882 3463 sive
923 3406 1284 3464 marchionem
1326 3422 1488 3480 supra
1527 3410 1933 3464 memoravimus
1972 3424 2205 3479 magnae
2241 3413 2412 3467 virum
2449 3415 2793 3488 autoritatis,

529 3498 905 3554 Normannicis
928 3493 1087 3552 bellis
1110 3495 1455 3568 celebratum,
1484 3501 1680 3568 natum,
1714 3502 1772 3553 ut
1805 3496 2052 3569 plerique
2085 3499 2418 3573 arbitrantur,
2445 3515 2514 3558 ex
2539 3501 2794 3563 Eme·-

531 3586 712 3657 garde,
751 3583 862 3642 filia
889 3583 1124 3640 Lotbarii
1152 3587 1377 3657 augusti,
1416 3588 1472 3642 et
1499 3583 1802 3642 Giseiberto
1845 3590 2045 3643 comite
2087 3588 2520 3645 mansuariorum.
2586 3591 2792 3662 Raga-

529 3675 684 3731 nerio
714 3686 783 3731 ex
806 3673 1076 3730 Alberada
1115 3678 1272 3729 natus
1312 3671 1413 3730 fuit
1455 3673 1809 3749 Giselbertus,
1856 3675 2073 3733 ilenrici
2112 3679 2257 3747 regis
2297 3691 2481 3750 gener,
2513 3679 2610 3733 sed
2638 3683 2790 3748 ejus

533 3760 699 3820 frater
725 3762 1051 3832 Ragenarins
1080 3775 1265 3819 comes
1293 3762 1607 3835 Montensis,
1649 3767 1802 3834 pater
1830 3762 2144 3838 Longicolli,
2184 3768 2407 3838 stirpem
2436 3773 2788 3844 propagavit,

533 3864 605 3908 ex
631 3865 737 3923 qua
764 3850 962 3909 deinde
989 3850 1363 3923 Lethariugiae
1389 3850 1662 3908 inferioris
1692 3852 1858 3909 duces
1889 3853 2158 3924 prodiisse
2186 3863 2493 3918 censentur.

673 3939 727 3995 8.
799 3940 1235 3997 Recrudescente
1278 3939 1645 4010 Hungarorum
1693 3939 1887 4014 furore,
1933 3941 2196 4000 nanticus
2240 3942 2417 4001 adbuc
2461 3943 2789 4023 imparatus,

534 4041 656 4084 cum
681 4026 884 4100 ubique
910 4028 1180 4086 excubare
1217 4043 1326 4086 non
1354 4034 1559 4100 posset,
1599 4029 1884 4087 Saxoniam
1926 4037 1984 4089 et
2016 4032 2295 4104 propriora
2333 4032 2457 4090 loca
2480 4034 2608 4104 ipse
2636 4039 2789 4096 tueri

534 4116 720 4190 voluit,
762 4120 1098 4189 superiorem
1127 4117 1460 4175 Germaniam
1495 4120 1609 4174 suis
1638 4117 1863 4176 ducibus
1899 4120 2169 4177 tutandam
2196 4119 2430 4193 reliquit,
2472 4124 2562 4196 qui
2596 4128 2787 4186 tanen

531 4208 878 4277 improvisam
915 4208 1327 4277 impressionem
1370 4205 1715 4263 barbarorum
1743 4209 1978 4279 equitum
2019 4208 2304 4281 prohibere
2332 4225 2441 4267 non
2468 4214 2787 4290 potuerunt,

536 4308 673 4365 quos
703 4292 880 4364 gladio
911 4299 967 4351 et
994 4307 1122 4350 arcu
1153 4301 1436 4354 contentos
1466 4298 1725 4368 equisque
1740 4297 2020 4355 velocibus
2048 4311 2179 4354 nare
2204 4301 2378 4355 suetis
2406 4304 2647 4374 utentes,
2674 4318 2787 4361 nec

535 4383 750 4438 flumina
791 4395 894 4440 nec
935 4387 1145 4438 montes
1183 4384 1463 4456 sistebant,
1506 4391 1562 4442 et
1601 4385 1794 4456 hyeme
1830 4389 2110 4458 ingruente
2150 4390 2312 4445 etiam
2348 4387 2471 4445 loca
2512 4390 2786 4460 paludosa

534 4469 810 4536 patebant.
865 4470 1111 4537 Bajoaria
1129 4474 1298 4543 prima
1315 4472 1528 4531 hostem
1547 4477 1736 4547 sensit,
1759 4489 1915 4546 qnam
1938 4477 2266 4546 provinciam
2288 4474 2412 4535 aliis
2430 4481 2781 4549 praeteritam
