2817 4959
519 291 651 364 228
1100 283 1631 358 annates
1692 221 2151 356 invitam

277 463 493 545 mm,
518 481 727 528 amnem
761 467 933 526 adimo
971 469 1033 525 ia
1071 466 1352 525 slavorum
1392 477 1550 522 nana
1589 467 1758 524 erant
1829 464 1915 522 Aa
1952 475 2083 534 erge
2109 462 2337 531 Burgum
2360 467 2521 521 vetus
2551 478 2752 522 mavo-

518 560 691 617 lemus
731 560 798 615 ad
837 557 1032 628 Salam,
1070 568 1240 628 prope
1271 568 1471 611 novam
1496 566 1595 610 seu
1620 564 1792 627 prope
1814 550 2224 622 Naumbargam.
2295 552 2469 609 Hodie
2494 553 2634 611 vilia
2664 559 2751 611 est

516 661 739 706 servans
765 645 1077 715 Altenburgi
1099 655 1318 715 nomen,
1351 639 1517 712 vulgo
1552 641 1794 712 Almerg*
1828 640 1899 697 ab
1935 642 2167 711 antiquis
2192 640 2490 712 ruderibus,
2536 642 2750 714 fuitque

517 736 713 793 deinde
741 750 860 791 cum
886 737 1108 805 regione
1129 735 1188 788 in
1212 731 1424 788 ottonis
1451 730 1628 801 magni
1653 730 1987 802 patrimonio,
2016 730 2105 800 qui
2135 728 2354 785 fundato
2380 745 2411 786 a
2436 744 2499 786 se
2520 734 2749 802 episco-

515 827 662 897 patui
681 821 1103 893 Naumburgensi
1122 822 1393 893 appiicait.
1440 819 1524 876 Aa
1550 820 1730 890 potius
1758 820 2023 888 antiquam
2051 820 2320 874 civitatem
2342 819 2557 874 Aletedi
2575 833 2746 876 voca-

517 914 644 969 bulo
675 903 992 968 Germanice
1025 911 1178 966 reddi
1218 913 1527 979 statuemus,
1570 907 1715 978 quod
1763 906 2012 977 oppidum
2037 905 2266 961 -sacilius
2311 909 2526 963 censeri
2569 911 2745 978 possit

515 1003 724 1058 comitis
771 1002 948 1072 sedeS,
991 1009 1114 1055 cum
1155 1001 1317 1054 etiam
1360 997 1628 1069 palatinos
1668 997 1936 1052 saxoniae
1979 994 2267 1064 aliquando
2309 995 2422 1050 illic
2461 995 2745 1052 habitasse

516 1095 756 1156 constet3
797 1095 853 1145 et
893 1088 1063 1145 fuisse
1103 1089 1312 1144 videtur
1349 1090 1406 1143 in
1445 1085 1872 1142 Halberstatensi
1912 1084 2152 1140 dioecesi
2188 1098 2258 1139 ex
2291 1090 2477 1140 vetere
2508 1088 2743 1141 circum-

515 1180 822 1249 scriptione.
894 1178 1065 1234 Unum
1100 1175 1263 1246 obiici
1299 1175 1489 1246 pessit,
1534 1174 1674 1244 quod
1704 1189 1736 1230 a
1763 1172 2109 1241 Herseburgo
2137 1172 2347 1240 longius
2376 1173 2558 1228 distat.
2634 1174 2744 1228 Sed

512 1265 617 1321 boc
644 1279 829 1336 pamm
858 1269 1081 1335 stringit.
1153 1263 1262 1320 Sed
1292 1265 1511 1319 nomine
1551 1263 1811 1333 Antiquae
1850 1263 2086 1317 civitatis
2131 1264 2305 1331 ipsum
2334 1260 2742 1330 merseburgum

513 1356 762 1425 accipere
801 1357 998 1426 possiS,
1038 1352 1126 1409 vel
1160 1355 1278 1421 ejus
1318 1351 1465 1408 urbis
1505 1356 1709 1421 partem
1748 1353 2117 1421 antiquiorem,
2173 1352 2221 1405 si
2269 1352 2472 1405 stamus
2513 1349 2743 1406 lectioni

516 1443 718 1499 codicis
777 1444 996 1513 antiqui,
1065 1456 1134 1498 ex
1191 1456 1297 1511 qao
1351 1440 1639 1495 Ditmarum
1691 1442 1981 1508 integritati
2037 1451 2173 1497 suae
2227 1440 2571 1508 restituimus,
2647 1438 2744 1494 ubi

510 1531 754 1587 Erwinus
810 1531 999 1585 dicitur
1042 1533 1097 1585 in
1143 1529 1276 1586 urbe
1309 1530 1615 1599 praedicta,
1654 1543 1817 1600 quam
1854 1529 2058 1599 (inquit
2106 1526 2402 1594 Ditmarus)
2453 1528 2745 1596 amquam

522 1622 786 1675 civitam
822 1622 1176 1689 nominamus,
1221 1619 1501 1673 maximam
1542 1623 1749 1689 partem
1794 1618 2056 1673 tenuisse.
2147 1613 2346 1686 Nempe
2398 1613 2742 1684 lerseburgi

513 1721 638 1776 pars
695 1711 824 1763 tunc
865 1707 1009 1761 dicta
1032 1727 1036 1734 ·
1061 1705 1224 1762 merit
1278 1705 1366 1760 die
1411 1705 1657 1777 acescat,
1713 1704 2067 1776 Palaeopolis,
2126 1705 2183 1760 in
2236 1704 2517 1760 discrimen
2560 1706 2743 1774 partis

515 1797 690 1850 serius
751 1796 1012 1869 adjectae,
1049 1809 1212 1865 -quae
1265 1798 1470 1866 passim
1524 1797 1580 1851 in
1629 1794 1850 1850 urbibus
1897 1795 1982 1850 die
2019 1794 2265 1864 Neu-stat,
2310 1792 2583 1865 Neapolis,
2629 1792 2745 1847 dici

513 1879 673 1940 solet.
770 1884 838 1940 Et
884 1883 1025 1941 lianc
1070 1885 1562 1954 interpretationem
1616 1882 2041 1939 verisimiliorem
2092 1881 2293 1949 judico.
2405 1881 2746 1950 Herseburgi

515 1986 648 2029 suae
689 1976 1054 2043 antiquitatem
1095 1971 1216 2042 ipse
1256 1971 1419 2042 paulo
1461 1975 1587 2027 ante
1626 1969 1889 2027 Ditmarns
1922 1974 2239 2041 jactaverat,
2276 1973 2433 2041 quasi
2458 1969 2578 2025 illic
2603 1983 2744 2042 opus

513 2060 804 2117 Romanum
856 2061 983 2117 Juiii
1031 2061 1278 2116 Caesaris
1343 2058 1469 2114 oiim
1522 2060 1795 2115 stetisset:
1849 2073 2044 2129 nempe
2098 2058 2326 2114 firmiora
2381 2071 2550 2129 opera
2605 2059 2744 2116 ultra

514 2161 671 2219 quam
701 2148 978 2205 Germanis
1013 2147 1249 2217 solitum,
1292 2146 1452 2216 vulgo
1492 2146 1558 2202 ad
1586 2147 1864 2224 'Romanos
1898 2151 2146 2216 jamtum
2174 2146 2501 2205 referebant.
2576 2147 2740 2203 Filias

511 2235 665 2292 binas
685 2235 944 2292 haeredes
963 2237 1266 2308 patrimonii
1294 2238 1378 2289 sui
1404 2228 1638 2305 reliquit,
1667 2248 1884 2304 quarum
1912 2235 2134 2291 aiteram
2153 2235 2550 2305 Hatbeburffem
2570 2239 2744 2292 visan

510 2327 570 2379 et
594 2327 837 2394 amatam,
867 2326 971 2378 etsi
998 2323 1210 2378 viduam
1237 2327 1293 2378 et
1319 2323 1567 2393 velatam,
1596 2323 1875 2394 Henricus,
1901 2327 2191 2380 amicorum
2219 2338 2381 2396 opera
2403 2337 2742 2396 persuasam,

510 2410 688 2479 daxit;
725 2414 782 2467 et
820 2412 1019 2481 nuptiis
1054 2413 1307 2481 peractis,
1348 2410 1415 2466 ad
1443 2408 1847 2479 Herseburgum
1874 2412 2127 2482 oppidum
2153 2413 2360 2467 vicinos
2402 2416 2745 2471 convocavit.

509 2496 594 2556 lbi
621 2497 765 2556 laute
793 2497 958 2554 habiti
1001 2500 1277 2570 convivae,
1317 2499 1732 2556 familiaritatem
1758 2502 1817 2556 in
1841 2512 1984 2556 novo
2012 2498 2227 2557 domino
2268 2515 2534 2558 amavere.
2615 2502 2745 2559 Flo-

510 2586 664 2645 rebat
704 2590 831 2643 tunc
870 2586 1237 2657 sigismundus
1281 2587 1753 2645 flaiberstadensis
1795 2591 2103 2660 episcopus,
2144 2591 2296 2658 cujus
2339 2590 2406 2645 ad
2450 2591 2743 2647 dioecesin

507 2674 664 2731 locus
706 2675 1038 2746 pertinebat:
1076 2691 1198 2731 nam
1227 2671 1690 2746 Merseburgensis
1730 2677 1930 2748 aliique
1967 2680 2311 2750 episcopatus
2347 2678 2580 2735 noudum
2616 2680 2744 2736 inde

509 2762 752 2835 decerpti
794 2767 962 2822 erant.
1045 2764 1100 2821 Is
1141 2766 1433 2821 divinarum
1474 2764 1927 2838 humanarumque
1965 2779 2140 2822 rerum
2177 2768 2405 2822 scientia
2439 2767 2743 2840 plerosque

511 2855 595 2908 sni
619 2856 873 2926 temporis
901 2853 1234 2924 praecellere
1254 2852 1593 2922 credebatur;
1625 2857 1894 2925 tantisque
1921 2854 2135 2912 dotibus
2164 2857 2486 2912 eminentem
2512 2856 2741 2927 pietatis

508 2939 721 2997 laudem
763 2942 1090 3010 adjunxerat.
1162 2942 1445 2999 Intellecta
1472 2944 1632 3012 igitur
1651 2946 1869 3013 juvenis
1898 2957 2017 3000 cum
2046 2944 2271 3001 muliere
2298 2943 2529 2998 Domino
2557 2944 2741 3000 velata

508 3031 859 3100 matrimonio,
886 3032 988 3084 viri
1007 3030 1156 3103 zelus
1185 3034 1402 3088 exarsit.
1464 3031 1872 3087 memoravimus
1907 3045 2082 3104 supra,
2107 3032 2420 3103 quibusdam
2439 3033 2740 3090 canonibus

509 3116 831 3185 capitulisve
870 3117 1157 3188 definitum,
1199 3122 1277 3174 uti
1316 3120 1492 3190 vidua,
1534 3123 1710 3191 etiam,
1752 3134 1889 3188 quae
1929 3123 2173 3189 privatim
2214 3120 2390 3177 velum
2430 3125 2741 3192 sumsisset,

509 3204 580 3259 ad
606 3204 863 3274 seculum,
892 3208 949 3286 ut
976 3204 1275 3278 loquuntur,
1305 3221 1413 3264 non
1441 3208 1654 3263 rediret.
1724 3208 1855 3262 Aliis
1895 3206 2175 3262 videbatur
2212 3206 2343 3264 nibil
2372 3214 2557 3264 actum
2584 3209 2737 3266 vela·
2802 3261 2803 3268 ,

506 3292 672 3361 tione,
700 3292 807 3345 nisi
834 3294 1076 3364 episcopi
1104 3298 1358 3352 autoritas
1385 3296 1778 3351 intervenisset.
1816 3292 2209 3360 sigismundum
2227 3293 2390 3348 facile
2403 3298 2738 3354 crediderim

506 3392 605 3450 pro
633 3382 899 3436 sententia
925 3383 1175 3452 rigidiora
1203 3385 1441 3440 stetisse.
1501 3382 1692 3450 ltaque
1719 3393 1817 3451 per
1840 3380 2025 3435 literas
2052 3383 2413 3452 nuntiumque,
2440 3383 2737 3443 interdicto

507 3481 609 3526 usu
636 3469 972 3542 matrimonii,
1001 3472 1188 3527 ambos
1217 3472 1281 3528 ad
1310 3468 1568 3541 synodum
1602 3474 1777 3525 vocat.
1847 3468 2109 3526 Hearious
2138 3469 2205 3527 ad
2230 3469 2406 3527 auiam
2434 3475 2738 3545 contendit,

510 3561 567 3613 et
589 3559 755 3627 patris
784 3559 1245 3615 commendatione
1271 3557 1634 3629 principisque
1659 3559 1875 3627 juvenis
1904 3560 2153 3632 amicitia,
2181 3556 2342 3617 facile
2368 3561 2639 3635 impetrat,
2678 3569 2742 3619 ut

507 3643 673 3701 dilata
701 3650 1266 3719 excommunicatione,
1306 3660 1464 3717 quam
1490 3645 1790 3702 intentabat
1817 3650 2125 3720 episcopus,
2164 3661 2328 3705 causa
2353 3648 2422 3705 ad
2450 3662 2649 3721 regen,
2680 3649 2740 3705 id

509 3737 596 3786 est
634 3733 701 3788 ad
742 3736 1003 3804 synodum
1030 3736 1291 3806 quandam
1315 3747 1496 3790 coram
1524 3748 1654 3804 rege
1684 3736 2019 3792 moderatore
2043 3736 2358 3809 habendam,
2394 3741 2739 3794 evocaretur.

505 3818 592 3874 Ad
627 3819 950 3881 Ludovicum
988 3823 1092 3881 hoc
1132 3825 1399 3893 pertinere
1434 3831 1581 3895 puto,
1607 3837 1733 3896 non,
1762 3829 1821 3881 ut
1845 3824 2112 3882 Ditmarus
2135 3829 2407 3883 insinnare
2434 3822 2741 3896 videbatur,

511 3905 580 3963 ad
609 3906 925 3983 Conradum‚
962 3912 1105 3982 quod
1134 3909 1514 3983 chronologiae
1542 3912 1774 3968 circulos
1802 3913 2054 3971 turbaret.
2127 3915 2362 3987 Apparet
2384 3918 2582 3983 tamea,
2608 3927 2741 3968 mox

508 3996 628 4050 sive
670 4004 863 4066 sponte
911 3999 1148 4070 Raurici,
1189 4002 1281 4070 qui
1315 4003 1428 4068 jam
1469 3998 1813 4056 Tancmarnm
1854 3999 2020 4057 lilium
2046 4016 2115 4057 ex
2142 4007 2369 4072 conjuge
2396 4008 2739 4073 susceperat,

509 4083 628 4139 sive
649 4082 855 4150 judicio
884 4088 1275 4159 episcoporum,
1318 4088 1520 4143 irritum
1548 4090 1851 4158 conjugium
1876 4086 2130 4147 habitum.
2201 4089 2460 4147 Hearicus
2490 4091 2639 4145 enim
2666 4089 2740 4145 ad

510 4169 647 4228 alios
688 4184 899 4227 amores
928 4177 1157 4231 animum
1186 4175 1398 4245 adjecit.

650 4258 702 4316 5.
773 4255 1074 4316 Ludovicus
1091 4264 1304 4318 interim
1321 4277 1434 4333 rex,
1460 4264 1578 4320 sive
1600 4267 1660 4320 ut
1675 4257 1837 4334 long'e
1854 4276 1888 4320 a
1904 4265 2159 4322 malorum
2177 4269 2473 4337 conspectu
2490 4265 2739 4336 abesset,

510 4346 704 4418 quibus
745 4345 948 4403 mederi
985 4361 1094 4403 non
1134 4354 1362 4423 poterat,
1414 4352 1534 4409 sive
1574 4355 1634 4407 ut
1665 4353 1811 4407 vires
1851 4358 2174 4425 corrogaret,
2224 4353 2551 4425 aliquandiu
2588 4355 2737 4428 apad

563 4451 615 4504 ⁸)
639 4452 814 4507 Alberoe
840 4464 952 4498 corr.
976 4452 1165 4506 ninere
1192 4454 1343 4501 Lean.
1368 4457 1584 4502 Ali-arch
1610 4460 1802 4502 metit
1827 4458 2016 4501 Eeho-d.
