2817 4959
698 287 1229 355 ANNALES
1302 288 1753 357 IMPERII
2208 294 2336 358 619

70 469 239 524 tinos
280 463 558 537 pervenit,
590 463 649 519 et
673 475 773 536 per
796 462 963 520 multa
987 464 1175 521 secula
1201 463 1341 534 apud
1366 463 1492 521 ilios
1520 467 1827 537 permansit,
1866 479 2094 537 eumque
2122 464 2336 523 tandem
2362 465 2586 538 &852-

72 553 483 612 maximiliano
521 553 820 624 Austriaco,
866 554 953 608 cui
993 551 1062 608 ob
1105 553 1316 609 ductam
1355 552 1640 610 haeredem
1680 553 1989 628 debebatur,
2033 555 2337 612 Ludovicns

73 644 445 702 Undecimus
474 643 765 714 praeripuit
793 644 848 697 et
874 641 941 696 ad
970 653 1201 698 coronae
1228 640 1466 698 Gallicae
1496 657 1687 715 corpus
1713 644 1946 699 retraxit.

235 732 339 789 13.
404 730 709 804 Appetente
747 733 944 786 statuta
981 730 1069 786 die
1097 732 1273 800 magni
1299 730 1366 787 ad
1391 732 1682 800 Augustam
1710 730 1964 788 Rbaetiae
1989 732 2173 788 urbem
2201 747 2338 789 con-

72 824 317 892 ventus,
351 819 533 889 qualis
555 819 681 875 inde
700 832 732 874 a
750 817 943 875 Carolo
962 816 1053 876 ΠΙ.
1072 825 1297 889 augusto
1314 818 1496 875 nullus
1525 823 1676 876 actus
1696 824 1825 892 erat,
1851 820 2054 893 Franci,
2080 821 2339 895 Saxones,

76 912 311 982 Bavari,
358 908 660 965 Allemanni
701 913 862 978 atque
902 909 1065 963 etiarn
1103 907 1439 977 Longobardi
1478 921 1751 981 proceres,
1794 914 1849 965 et
1884 911 1941 965 in
1967 908 2050 965 bis
2078 912 2338 982 episcopi,

76 1000 253 1070 quasi
277 999 344 1052 in
363 996 528 1053 nnius
547 998 626 1053 rei
645 994 894 1069 publicae
919 1010 1142 1066 corpore
1170 995 1385 1053 affuere.
1457 996 1756 1053 conradum
1779 999 1940 1055 etiam
1957 997 2338 1054 Lotbarienses

77 1088 377 1159 quosdam
399 1084 688 1141 adduxisse
707 1085 958 1141 arbitror:
993 1099 1116 1142 nam
1145 1089 1201 1141 et
1226 1087 1346 1158 ipse
1370 1088 1537 1158 venit,
1570 1100 1681 1144 non
1706 1089 1878 1143 minus
1906 1101 2061 1158 quam
2080 1085 2337 1143 Ludolfus

76 1176 236 1232 filins
266 1175 450 1247 regis,
479 1177 631 1244 cujus
658 1173 725 1230 ad
752 1175 1262 1231 administrationem
1287 1175 1530 1244 Augusta
1554 1175 1870 1247 pertinebat.
1928 1174 2010 1230 lbi
2039 1189 2200 1231 causa
2227 1175 2340 1231 Be-

77 1264 341 1335 rengarii
388 1263 721 1320 terminanda
763 1264 895 1319 erat.
966 1262 1075 1320 Res
1112 1277 1297 1320 mense
1325 1265 1565 1333 Augusto
1594 1270 1714 1320 acta
1740 1268 1841 1332 est,
1879 1270 1939 1321 ut
1972 1263 2135 1321 babet
2161 1266 2342 1320 conti-

79 1357 295 1410 nuator
346 1352 662 1424 Reginonis,
710 1356 766 1408 et
805 1354 862 1408 in
902 1354 1093 1407 castris
1133 1353 1363 1425 quidem,
1408 1354 1464 1408 id
1506 1356 1593 1410 est
1633 1354 1690 1409 in
1731 1358 1917 1424 campo
1959 1366 2057 1409 seu
2097 1352 2211 1415 sub,
2235 1353 2341 1422 dio,

84 1442 562 1513 quemadmodum
601 1439 830 1511 intelligi
871 1444 1053 1511 potest
1097 1454 1166 1496 ex
1209 1443 1320 1497 vita
1365 1440 1600 1498 Udalrici
1642 1443 1884 1513 episcopi
1913 1441 2226 1513 Augustani,
2272 1441 2341 1496 ab

80 1531 341 1603 bomine,
391 1531 487 1599 qui
527 1545 645 1586 cnm
688 1531 931 1601 episcopi
971 1530 1249 1601 capellano
1293 1544 1356 1587 se
1395 1530 1631 1587 locutum
1671 1532 1760 1602 ait,
1802 1533 2020 1601 scripta.
2091 1529 2173 1586 lbi
2215 1529 2341 1586 Otto

86 1619 501 1676 allocutionem
529 1618 713 1675 babuit
738 1619 807 1675 ad
834 1618 1063 1690 populos
1092 1623 1171 1675 tot
1199 1621 1619 1690 provinciarum
1649 1620 1746 1675 sed
1766 1633 1880 1691 sua,
1908 1622 2115 1692 opinor,
2141 1619 2340 1690 lingua.

83 1707 372 1764 Discusso
416 1722 518 1777 per
559 1708 830 1779 colloquia
868 1710 1105 1780 negotio,
1146 1708 1501 1778 Berengarius
1540 1713 1597 1765 et
1634 1709 1948 1765 Adalbertus
1991 1708 2140 1764 italis
2179 1719 2341 1776 reges

87 1797 425 1869 redduntur,
467 1799 523 1852 et
561 1801 620 1854 nt
645 1796 921 1853 witikindi
957 1795 1072 1852 fere
1107 1796 1272 1852 verba
1307 1794 1604 1867 subjiciam,
1645 1797 1996 1867 Berengarins
2031 1810 2218 1852 manus
2246 1794 2344 1850 filii

90 1889 180 1941 sui
220 1885 514 1943 Adelberti
541 1887 654 1941 suis
681 1885 978 1957 implicans,
1021 1884 1150 1941 licet
1177 1884 1305 1940 olim
1332 1884 1608 1954 Hugonem
1636 1884 1863 1956 fugiens,
1905 1886 2089 1941 Ottoni
2117 1897 2180 1939 se
2207 1882 2344 1940 snb·

93 1975 357 2046 didisset,
400 1986 546 2030 nunc
570 1977 827 2030 renovata
853 1973 976 2045 fide,
1014 1988 1192 2029 coram
1220 1975 1366 2030 omni
1392 1978 1631 2031 exercitu
1659 1974 1933 2030 famulatui
1959 1974 2104 2042 regis
2131 1984 2195 2027 se
2222 1985 2344 2027 cum

92 2064 210 2120 filio
258 2053 542 2132 subjugat.
614 2061 821 2134 Nempe
862 2077 932 2118 ex
965 2063 1069 2117 ritu
1094 2067 1350 2134 veterum,
1393 2063 1608 2119 domino
1635 2064 1714 2118 ilii
1744 2076 1929 2118 manus
1959 2061 2173 2131 dedere,
2215 2072 2342 2115 suas

93 2157 319 2223 junctas
357 2151 511 2209 illius
547 2151 791 2208 manibus
827 2153 1247 2223 interponentes.
1318 2151 1436 2207 Hoc
1464 2155 1580 2208 erat
1604 2152 1660 2207 in
1688 2150 1908 2208 alterius
1936 2164 2062 2208 esse
2089 2162 2248 2205 manu
2288 2149 2346 2204 et

95 2248 406 2313 potestate.
468 2241 550 2296 lta
580 2239 663 2297 bis
691 2240 909 2310 regibus
948 2240 1047 2296 sub
1086 2253 1332 2311 suprema
1371 2238 1685 2297 Germaniae
1719 2241 1864 2310 regis
1901 2241 2186 2295 autoritate
2224 2236 2345 2292 itali

97 2345 303 2401 parere
326 2331 475 2400 jussi
503 2333 642 2385 sunt.
714 2329 1068 2401 Luitprandus
1087 2330 1296 2400 legatus
1316 2329 1527 2386 ottonis
1555 2328 1859 2401 Nicephoro
1895 2332 2118 2398 augusto
2152 2328 2344 2397 postea

100 2422 366 2487 injuriam
421 2418 533 2473 illis
587 2418 782 2478 factam
836 2417 1178 2488 exprobranti
1241 2418 1537 2490 respondit,
1599 2416 1974 2489 praesentibus
2024 2415 2345 2472 Graecorum

95 2507 304 2578 legatis
336 2507 718 2574 Berengarium
747 2510 803 2562 et
825 2507 1175 2562 Adelbertum
1207 2506 1409 2563 milites
1436 2507 1647 2563 Ottonis
1675 2505 1920 2579 effectos,
1949 2518 2170 2574 regnum
2192 2503 2347 2560 ltali-

98 2611 226 2652 curn
259 2597 486 2663 sceptro
516 2605 680 2647 aureo
717 2605 784 2648 ex
811 2596 929 2661 ejus
959 2607 1118 2650 manu
1144 2597 1473 2664 suscepisse.

253 2684 343 2740 14.
427 2680 654 2736 Ademta
702 2684 881 2736 tamen
922 2684 1008 2736 est
1044 2680 1432 2749 Forojuliensis
1474 2683 1766 2754 provincia,
1806 2697 1965 2751 quam
2006 2680 2110 2736 sibi
2150 2680 2345 2736 dudum

101 2773 385 2831 Hem-icus
423 2769 746 2824 Bavarorum
788 2768 894 2823 dux
925 2769 1304 2839 vindicaverat,
1346 2769 1630 2839 additaque
1661 2773 1712 2825 ei
1742 2768 1974 2824 marchia
2000 2769 2346 2825 Veronensis.

99 2862 164 2919 ld
205 2860 483 2933 proderat,
523 2861 583 2913 nt
621 2860 838 2927 apertus
879 2868 1095 2927 semper
1128 2859 1183 2912 in
1210 2855 1420 2912 ltaliam
1458 2857 1632 2913 aditus
1674 2862 1837 2927 esset,
1876 2855 2250 2926 vindicemque
2277 2854 2349 2914 de

102 2952 418 3021 propinquo
447 2947 803 3016 Berengarius
831 2947 1108 3017 metueret,
1148 2945 1269 3001 ltali
1299 2948 1604 3017 sperarent:
1649 2946 1999 3015 Berengarius
2027 2945 2348 3017 admonitus,

104 3038 482 3095 atmoderate
511 3047 773 3091 concessa
800 3038 1072 3106 potestate
1103 3036 1357 3105 uteretur,
1398 3036 1525 3104 quid
1567 3036 1808 3105 agitaret,
1850 3035 1959 3090 alte
1994 3033 2249 3106 condidit,
2291 3037 2348 3090 et

111 3141 237 3183 mox
267 3124 584 3183 exulcerato
612 3125 805 3195 animo,
843 3136 981 3194 quae
1007 3135 1202 3194 passus
1232 3126 1360 3195 erat,
1396 3126 1454 3179 in
1480 3136 1733 3193 proceres
1761 3123 1928 3179 Italos
1965 3124 2120 3193 quasi
2147 3122 2348 3177 domini

111 3216 425 3271 calamitate
467 3212 642 3269 laetos
696 3214 942 3284 retorsit;
1000 3214 1319 3283 praesertim
1361 3212 1453 3267 nbi
1493 3211 1743 3269 Ottonem
1784 3212 1928 3269 domi
1971 3226 2090 3267 cum
2133 3209 2244 3267 filio
2290 3213 2348 3267 et

112 3317 318 3372 genero
348 3301 642 3356 conflictari
669 3301 954 3370 intellexit,
993 3315 1212 3371 quorum
1240 3301 1347 3356 iras
1378 3302 1620 3357 consiliis
1656 3304 1769 3358 suis
1806 3302 1961 3372 quasi
1987 3300 2202 3357 flabello
2242 3298 2349 3354 bo-

113 3394 314 3448 minem
345 3389 594 3447 callidum
625 3389 842 3445 auxisse
871 3391 1238 3461 credipotest.
1312 3389 1505 3452 Quinto
1526 3389 1649 3446 ldus
1669 3390 1997 3460 Septembris
2020 3392 2131 3459 jam
2150 3388 2348 3460 Papiae

111 3481 372 3536 reducem
419 3481 616 3551 egisse,
667 3493 736 3535 ex
782 3479 1065 3550 privilegio
1106 3479 1440 3551 intelligitur,
1487 3480 1628 3550 qnod
1674 3480 2000 3535 monasterio
2047 3478 2117 3532 de
2164 3476 2344 3533 Azano

114 3568 369 3624 Astensis
406 3567 677 3624 dioecesis
718 3566 894 3635 dedit3
932 3568 986 3622 id
1013 3581 1145 3623 vero
1174 3568 1228 3621 in
1257 3570 1382 3624 anni
1413 3570 1609 3625 exitum
1637 3567 1959 3637 differemus,
1997 3580 2069 3622 ne
2109 3567 2344 3621 narratio

117 3656 546 3727 interrumpatur.
612 3656 837 3719 Quinam
879 3669 947 3713 ex
984 3655 1143 3711 ltalia
1169 3661 1383 3725 praeter
1410 3659 1699 3728 episcopos
1727 3657 2028 3724 Augustano
2058 3656 2344 3710 conventui

120 3744 476 3816 interfuerint,
527 3742 666 3799 baud
712 3749 936 3802 constat.
1033 3744 1423 3817 Episcoporum
1465 3747 1681 3802 nomina
1727 3744 1886 3800 nobis
1932 3743 2168 3811 synodus
2208 3742 2347 3800 baec

123 3832 311 3890 eodem
346 3835 472 3889 loco
508 3838 855 3904 temporeque
882 3837 1004 3890 acta
1032 3836 1386 3890 conservavit.
1460 3834 1703 3890 Caeteris
1740 3833 1808 3889 ad
1835 3833 2167 3902 posteritatis
2194 3834 2346 3887 noti-

128 3920 249 3976 tiam
276 3922 635 3995 propagandis
662 3937 771 3978 non
801 3922 989 3980 eadem
1019 3937 1145 3978 cura
1180 3922 1295 3979 fuit.

259 4013 343 4067 15.
417 4012 607 4083 ltaque
631 4011 905 4081 Augustae
940 4017 1068 4069 tunc
1103 4027 1252 4069 more
1279 4011 1529 4069 Carolino
1558 4009 1713 4066 simul
1741 4010 1994 4082 placitum
2023 4013 2078 4066 et
2105 4009 2343 4080 synodus

128 4092 237 4153 init.
295 4098 564 4156 Praefatio
595 4103 650 4157 et
676 4115 911 4157 canones
942 4105 1127 4158 extant
1152 4103 1210 4157 in
1234 4103 1393 4157 tomis
1425 4100 1786 4156 conciliorum.
1856 4099 2130 4156 Praesedit
2151 4097 2343 4152 Fride-

127 4184 648 4258 ricus·Moguntinus.
720 4190 985 4247 Praefatio
1025 4190 1130 4246 huc
1162 4192 1329 4246 redit:
1405 4189 1538 4245 Cum
1569 4190 2042 4245 excellentissimus
2061 4189 2343 4258 pientissi-

130 4283 336 4345 nutque
365 4277 489 4333 Otto
514 4293 622 4335 rea:
651 4293 765 4335 non
788 4283 966 4335 minus
992 4281 1059 4336 de
1082 4281 1296 4351 neqotr'o
1320 4280 1573 4349 spir-itali,
1613 4294 1776 4350 quam
1802 4280 1868 4333 de
1891 4280 2037 4333 statu
2064 4276 2346 4332 chr-tatiani

131 4356 333 4430 imperii
352 4368 636 4440 tractaret,
663 4371 908 4439 inprimis
927 4366 1242 4440 pontificum
1269 4368 1609 4440 aliorumque
1629 4369 1932 4438 principum
1948 4379 2174 4421 suorum
2191 4379 2345 4421 com-

133 4454 274 4505 mum·
312 4458 535 4513 consitio
567 4457 767 4530 fretus,
807 4471 955 4512 anno
993 4459 1396 4513 incarnationis
1433 4459 1556 4529 952,
1612 4457 1903 4512 indictione
1932 4456 2151 4525 mima,
2196 4468 2341 4510 anno
