2817 4959
675 319 1207 385 ANRALES
1277 313 1737 385 inritati
2180 325 2313 391 463

34 496 408 565 nomineque
447 494 722 561 manserit,
762 493 853 563 qai
895 494 1057 549 etiam
1097 492 1583 562 Quodliaburgensi
1623 494 2024 564 congregationi
2073 510 2203 553 mex<
2236 496 2307 554 ab
2335 495 2401 568 Α,
2421 492 2565 568 933,

34 583 281 639 ottone
322 582 566 638 addictus
608 585 693 637 est
731 582 788 637 in
824 581 1039 652 tabulis,
1081 596 1214 653 quas
1241 582 1536 638 referemus
1567 597 1706 638 anno
1736 589 2016 653 sequente.
2086 585 2308 658 Regina,

34 674 169 729 etsi
218 670 542 727 abbatissae
579 683 776 726 nomen
817 671 870 725 ei
906 684 1016 726 non
1056 672 1381 739 conveniret,
1422 676 1643 726 matrem
1673 677 1852 728 tamen
1881 675 1992 741 egit
2015 687 2123 729 non
2147 673 2310 744 hujus

34 762 302 830 mutum,
329 758 428 813 sed
453 761 514 814 et
539 758 763 814 aliorum
792 758 1174 814 coenobiorum
1201 758 1533 828 puellarium,
1563 762 1621 814 ut
1648 758 1968 816 Northusani
1996 775 2028 816 a
2054 775 2116 817 se
2141 763 2310 819 mai-i...

34 854 240 919 toque
281 849 486 918 structi,
530 846 673 917 quod
715 844 939 914 regebat
974 846 1301 915 Richbargis,
1344 845 1792 917 fundatorumque
1833 847 1922 904 vel
1963 854 2237 906 auctorum
2274 864 2312 906 a

34 937 342 1006 cognatis,
372 934 534 1004 quale
560 939 676 990 erat
693 933 1158 1004 Ringelhemense
1187 934 1330 1004 quod
1358 933 1505 989 tratri
1536 937 1654 1000 ejus
1684 936 1771 991 vel
1799 940 1988 1006 patruo
2016 936 2310 1010 ascribant,

35 1027 148 1080 eni
185 1028 447 1094 praeerat
473 1021 818 1095 lmmehildis,
845 1026 905 1078 ut
930 1023 1000 1078 de
1025 1022 1427 1079 Herivordiensi
1452 1030 1509 1080 et
1529 1023 1989 1082 Gaudeshemensi
2011 1024 2147 1082 nihil
2169 1037 2312 1128 nune

35 1117 276 1170 dicam.

214 1202 311 1259 32.
393 1201 502 1258 Sed
547 1155 1062 1272 Quedlinburgensis
1117 1202 1337 1259 tutelam
1393 1201 1727 1275 peculiarem
1764 1203 2050 1263 affectasse
2097 1207 2159 1261 et
2202 1201 2312 1260 sibi

38 1303 338 1348 servasse
369 1291 602 1358 judicari
636 1295 832 1363 potest,
876 1292 1021 1359 quod
1063 1291 1138 1346 ibi
1179 1293 1472 1348 tumulatus
1515 1297 1665 1347 esset
1700 1295 1937 1365 marim,
1973 1296 2179 1364 etipsa
2206 1292 2313 1348 sibi

39 1377 411 1450 sepulturam
456 1377 800 1450 destinasset,
865 1383 923 1436 et
982 1379 1170 1435 crebro
1216 1380 1453 1451 adesset,
1508 1394 1615 1437 nec
1657 1381 1930 1438 desineret
1973 1384 2149 1439 vivam
2193 1381 2312 1439 Deo

43 1468 327 1536 hostiam,
358 1466 633 1522 celebrato
662 1469 1005 1537 exequiarum
1033 1467 1215 1523 officio
1244 1469 1657 1536 (anniversario,
1692 1472 1752 1524 ut
1776 1471 1998 1540 opinor)
2025 1470 2092 1526 ad
2120 1472 2312 1541 expia·—

43 1559 284 1612 tionem
322 1557 452 1624 (pro
488 1558 667 1612 anima
704 1558 878 1612 mariti
915 1556 1161 1623 scilicet)
1197 1554 1407 1619 otierre,
1450 1561 1509 1611 ut
1547 1555 1855 1627 Luitprandi
1893 1556 2062 1614 verba
2095 1558 2311 1615 habent.

50 1646 265 1701 Vivam
294 1642 390 1698 ille
418 1642 662 1714 hostiam,
698 1646 754 1699 in
791 1645 1223 1716 ipsius-reginae
1255 1644 1439 1699 divino
1466 1659 1531 1701 se
1557 1646 1780 1701 servitio
1819 1649 2155 1717 (quanquam
2190 1647 2315 1701 siae

47 1734 238 1800 velo)
265 1733 581 1802 addice-tis,
628 1735 909 1789 constante
950 1734 1167 1803 pietatis
1211 1734 1471 1787 exercitio
1512 1730 1781 1789 collocare
1821 1735 2047 1790 videtur.
2119 1733 2314 1790 Velare

51 1834 298 1878 sumere
322 1821 508 1889 noluit,
551 1824 655 1876 etsi
683 1821 779 1877 filii
820 1823 910 1890 (et
934 1822 1272 1892 potissimum
1300 1819 1428 1875 Otto
1454 1822 1659 1888 iratus)
1692 1821 1797 1876 hoc
1823 1835 1963 1892 pene
1991 1826 2311 1892 extorquere

53 1908 368 1980 aliqnando
388 1913 722 1980 conarentur,
749 1913 809 1965 ut
827 1921 897 1965 ex
914 1909 1208 1979 biographo
1226 1911 1465 1980 apparetss
1501 1908 1726 1966 Scilicet
1745 1907 1965 1965 volebat
1990 1909 2096 1964 sibi
2114 1909 2309 1966 volun—

53 2001 246 2056 tariae
273 1999 486 2053 virtutis
527 1996 742 2054 laudem
782 2011 1017 2056 manere.
1089 1998 1231 2054 Nata
1260 1996 1455 2053 deinde
1483 1996 1667 2053 ottoni
1697 1997 1985 2054 mechtilde
2023 2013 2069 2053 a.
2098 1998 2160 2052 D.
2189 1998 2311 2066 955,

57 2093 126 2143 ut
155 2086 330 2142 babet
347 2087 633 2143 chronicon
655 2086 1150 2155 Quodlinburgense
1176 2089 1435 2155 nostrum,
1462 2089 1611 2141 tanto
1642 2089 1808 2153 magis
1836 2084 2145 2142 abbatissae
2168 2086 2312 2142 elte-

59 2179 189 2232 rins
219 2175 583 2231 denominatio
610 2177 920 2230 intermissa
943 2181 1042 2247 est,
1085 2180 1141 2232 et
1165 2177 1511 2246 praepositae
1546 2176 1759 2230 interim
1797 2177 1998 2230 vicaria
2038 2177 2313 2245 potestate

63 2266 480 2334 congregationi
507 2262 807 2336 praefuere,
849 2265 1024 2320 denec
1053 2265 1268 2321 tandem
1292 2262 1478 2335 puella
1503 2276 1551 2318 a.
1580 2262 1646 2315 D
1675 2261 1799 2331 966,
1839 2265 1960 2320 viva
1988 2261 2161 2318 adbuc
2187 2261 2312 2318 avia

63 2355 331 2426 (biennio
373 2356 500 2424 post
545 2355 827 2424 extincta),
872 2368 1063 2422 magna
1108 2368 1227 2409 cnm
1271 2351 1598 2408 solennitate
1641 2352 1963 2421 inaugurate,
1993 2354 2095 2422 est,
2140 2355 2201 2407 ut
2238 2363 2311 2407 ex

71 2442 332 2499 chronico
360 2446 550 2498 vetere
572 2442 838 2498 saxonico
868 2441 1087 2498 Mabilio
1115 2444 1180 2498 in
1198 2441 1481 2497 annalibus
1508 2443 1800 2497 annotavit.

218 2531 306 2590 33.
378 2529 544 2585 Extat
578 2531 839 2600 quaedam
877 2533 1110 2587 narratio
1152 2530 1221 2586 de
1261 2528 1667 2585 fundationibus
1693 2531 2140 2586 monasteriorum
2168 2526 2309 2586 Ger·-

71 2622 292 2677 maniae
332 2619 399 2674 ab
442 2623 632 2675 autore
669 2621 877 2674 incerto
919 2619 1252 2675 Benedictini
1292 2617 1495 2674 ordinis
1538 2616 1802 2687 confecta,
1841 2620 1898 2673 in
1938 2631 2044 2686 qua
2087 2615 2312 2672 nubem

75 2710 365 2765 nauticum
392 2708 431 2761 1.
473 2722 522 2762 a.
554 2706 612 2763 D.
642 2706 763 2762 9¹9.
807 2706 1065 2763 fundasse
1102 2705 1341 2773 regalem
1379 2703 1649 2762 abbatiam
1691 2705 1750 2760 in
1790 2703 2212 2771 Quettelenburg
2248 2706 2307 2762 tu

77 2799 225 2853 omni
252 2785 485 2851 Saxoni'a
513 2797 871 2867 praecipuam,
913 2799 970 2851 et
995 2793 1071 2849 ibi
1099 2791 1537 2849 sanctimoniales
1568 2793 1843 2862 posuisse,
1872 2796 1928 2846 et
1963 2791 2090 2848 loco
2116 2796 2311 2847 contu-

77 2885 216 2943 lisse
255 2885 442 2940 decem
481 2888 540 2941 et
578 2888 701 2940 octo
741 2883 909 2939 millia
947 2895 1241 2953 mansuum,
1280 2885 1338 2936 et
1364 2879 1671 2935 thesaurum
1700 2879 2097 2950 praegrandem,
2136 2879 2310 2935 adve-

81 2976 295 3043 catiam,
315 2976 601 3047 monetam,
629 2971 888 3028 telonium
915 2974 971 3026 et
996 2969 1254 3041 militiam,
1281 2970 1338 3024 id
1366 2973 1454 3025 est
1480 2967 1681 3023 milites
1702 2967 1958 3038 vasallos,
1983 2982 2123 3038 quos
2147 2967 2308 3023 hodie

81 3062 319 3119 vasallos
357 3059 571 3118 nobiles
611 3060 899 3133 appellant.
971 3059 1052 3115 lbi
1095 3061 1257 3114 etiam
1297 3070 1361 3113 se
1400 3056 1623 3134 sepeliri
1661 3056 1966 3120 mandasse,
2013 3056 2199 3126 ibique
2238 3057 2309 3111 ad

85 3150 222 3205 latus
265 3152 380 3218 ejas
423 3149 689 3220 sepultam
728 3163 855 3205 esse
883 3146 1222 3204 machtildem
1246 3149 1490 3215 regium
1512 3147 1921 3216 sanctissimam,
1958 3148 2013 3201 et
2040 3148 2098 3201 in
2124 3150 2309 3216 crypta

85 3239 323 3307 ejusdem
362 3239 674 3295 monasterii
714 3239 962 3308 positam.
1034 3236 1421 3293 Construxisse
1463 3239 1521 3292 et
1558 3237 1616 3290 iu
1657 3232 2079 3301 Ouetteienburg
2114 3225 2309 3290 mona-

85 3329 304 3383 sterium
341 3330 608 3397 nigrarum
647 3327 955 3383 monialium
996 3325 1198 3381 ordinis
1241 3326 1297 3381 8„
1340 3324 1635 3395 Benedicti,
1681 3322 1927 3378 dedicata
1973 3322 2210 3379 ecclesia
2252 3325 2310 3379 in

83 3415 286 3472 honore
314 3416 369 3471 B.
389 3416 638 3486 Virginis.
701 3416 852 3472 llaec
876 3414 988 3471 ille.
1052 3414 1261 3469 Annum
1289 3412 1620 3470 fundationis
1645 3424 1773 3467 esse
1797 3425 1907 3467 nen
1935 3413 2181 3480 coeptae,
2208 3412 2310 3466 sed

86 3505 334 3576 agitatae,
366 3504 650 3561 dicendum
678 3509 785 3577 est,
823 3505 916 3575 qui
954 3517 1097 3575 pene
1138 3502 1393 3558 coincidit
1432 3515 1552 3557 cum
1592 3503 1764 3571 primo
1804 3514 1945 3556 anne
1985 3502 2157 3566 regni.
2227 3498 2312 3554 De

82 3606 302 3649 numero
321 3607 597 3650 mansuum
615 3596 686 3650 sit
705 3592 840 3650 Mes
860 3604 1033 3664 penes
1061 3597 1320 3647 autorem.
1391 3590 1503 3647 Alii
1528 3592 1620 3658 (ut
1636 3589 1898 3645 ilenricus
1925 3588 1990 3642 de
2011 3585 2309 3642 Hervnrdia

81 3681 221 3751 apud
243 3679 670 3751 centuriatores)
697 3684 762 3737 11
783 3680 951 3736 millia
976 3679 1194 3735 babent.
1242 3677 1354 3734 Sed
1382 3680 1538 3734 initia
1563 3678 1856 3734 mediocria
1876 3679 2073 3745 putem,
2102 3675 2309 3742 maiora

82 3770 278 3826 deinde
304 3773 627 3842 accessisse,
654 3771 777 3825 dum
804 3770 986 3837 regiae
1013 3770 1250 3837 virgines
1278 3779 1519 3823 summae
1546 3765 1849 3822 autoritatis
1875 3765 2147 3833 praesunt.

223 3858 308 3914 34.
381 3858 642 3915 Scribitur
685 3862 851 3913 totam
894 3858 1169 3925 regionem
1213 3858 1271 3913 in
1319 3856 1577 3924 Nar-iscis,
1624 3865 1762 3924 quae
1806 3864 1949 3907 nunc
1992 3850 2310 3918 Vogtlandia

82 3947 380 4018 appellatur
423 3961 522 4004 seu
567 3953 710 4003 terra
748 3947 1144 4013 advocatorum,
1191 3944 1323 4000 huic-
1357 3941 1624 3999 coenobio
1666 3940 1838 3996 luisse
1875 3953 2209 4011 concessam,
2253 3945 2310 3996 et

80 4051 182 4107 per
219 4041 445 4107 quatuor
482 4036 772 4091 advocatos
812 4031 1249 4090 administratam.
1319 4031 1389 4087 Et
1428 4032 1533 4087 huc
1573 4030 1844 4101 pertinere
1882 4027 2121 4099 arbitror,
2162 4030 2307 4098 quod

81 4124 209 4179 otto
248 4123 340 4181 111.
380 4124 725 4194 provinciam,
765 4135 905 4192 quae
946 4119 1085 4178 Gora
1124 4121 1268 4176 dicta
1305 4123 1394 4176 est
1427 4123 1619 4189 (sitam
1645 4119 1833 4189 utique
1856 4118 1913 4174 in
1938 4116 2306 4187 Vogtlandia),

79 4212 363 4269 Adelheidi
381 4212 693 4269 abbatissae
711 4210 1194 4280 Quodlinburgeasi
1211 4209 1386 4265 sorori
1413 4219 1551 4265 snae
1572 4209 1840 4278 propriam
1862 4206 2010 4262 dedit
2034 4220 2084 4261 a.
2103 4203 2305 4274 12999,

82 4302 152 4358 de
192 4315 297 4372 quo
338 4300 432 4357 ibi.
503 4301 645 4358 ldem
669 4302 754 4366 lus
782 4307 1050 4357 mercatus
1078 4298 1386 4355 concedens
1415 4311 1462 4353 a,
1492 4297 1555 4353 D.
1583 4295 1706 4352 993.
1734 4295 1805 4351 ab
1831 4298 2043 4353 oriente
2067 4295 2125 4348 in
2152 4295 2307 4348 occi-

84 4392 296 4449 dentem
322 4392 462 4447 inter
492 4390 672 4447 Salam
701 4394 758 4447 et
790 4387 1072 4461 Ovacrum,
1099 4393 1157 4446 et
1182 4386 1251 4445 ab
1280 4389 1464 4445 austro
1491 4385 1559 4444 ad
1576 4386 1883 4458 aquilonem
1908 4386 2049 4440 inter
2075 4380 2304 4438 Unstru-
