2817 4959
647 233 1183 306 ANNALES
1254 235 1715 306 lnPEnn
2164 240 2294 316 665

66 411 285 483 regulos
308 411 637 483 exciverunt,
661 411 969 469 Nacconem
988 413 1046 469 et
1060 409 1277 469 fratrem
1296 414 1415 481 ejus
1432 411 1773 479 Stoinevum3
1810 408 2077 470 D‘ssmarus
2103 411 2288 483 Steig-
2311 413 2376 483 A,
2403 413 2544 483 955.

65 515 223 560 neum
248 502 353 571 (an
379 499 786 571 Sboigneumi)
811 503 988 557 vocat·
1059 501 1383 571 Transfugae
1402 516 1524 559 eum
1548 503 1607 558 in
1634 500 1830 573 oppido
1858 500 2293 574 suithleiscrana,

65 589 224 647 bodie
250 591 453 660 ignoto,
478 589 831 648 Herimannus
866 602 994 646 esse
1033 593 1404 662 comperisset,
1446 592 1749 660 opprimere
1779 591 2023 646 incautos
2050 593 2293 662 tentavit,

65 682 121 736 et
145 692 333 749 parum
351 676 543 751 abfuit,
569 682 698 749 quin
723 678 974 750 oppidum
1004 685 1313 750 caperetur3
1341 679 1592 735 excitatis
1618 683 1798 735 tamen
1825 676 2060 736 clamore
2079 681 2294 749 praesi-

65 767 263 837 diariis,
295 767 445 822 caesi
476 769 602 824 sunt
629 771 833 824 tuntum
874 767 1220 838 quadraginta
1263 770 1452 828 armati
1486 767 1737 836 bostium,
1781 766 2103 839 deprehensi
2142 774 2296 826 extra

63 854 267 911 urbem.
340 854 493 914 Haec
526 857 681 914 initio
708 856 1151 928 quadragesimae
1178 863 1315 913 acta.
1384 854 1604 914 Barbari
1643 856 1886 912 vicissim
1929 859 2056 927 post
2093 856 2295 929 pascha

65 946 202 1002 duee
224 944 545 1013 wigmanno
568 947 863 1016 irrumpunt
888 948 946 1003 in
984 945 1291 1017 saxoniam,
1319 949 1375 1002 et
1431 945 1917 1017 Cocareshemium,
1955 943 2098 1002 haud
2125 947 2295 1015 magis

65 1032 222 1091 bodie
260 1039 448 1092 notum
467 1032 766 1106 ,obsident
839 1033 1193 1092 Herimannus
1231 1036 1442 1103 exiguis
1477 1036 1651 1106 copiis
1693 1032 2058 1105 praevalidum
2086 1033 2298 1094 hostem

65 1121 283 1192 aggredi
327 1126 386 1179 et
420 1136 537 1180 rem
563 1122 718 1179 aleae
748 1126 1078 1180 committere
1104 1137 1213 1180 non
1241 1136 1424 1193 ansusi,
1448 1125 1617 1180 invito
1645 1121 1915 1192 sigefrido
1962 1122 2085 1179 dedi
2117 1122 2298 1190 locum

65 1224 257 1281 passus
286 1215 395 1268 est.
467 1211 683 1270 Pactum
714 1217 814 1281 est,
842 1215 900 1267 ut
927 1214 1141 1283 ingenui
1169 1212 1415 1270 homines
1453 1227 1573 1269 com
1601 1210 1856 1268 uxoribus
1885 1214 1944 1269 et
1968 1210 2156 1269 liberis
2175 1214 2299 1268 exi-

65 1304 189 1371 rent,
227 1300 473 1372 servitia,
515 1299 928 1371 supellectilem,
963 1299 1207 1358 fortunas
1247 1313 1437 1357 omnes
1477 1301 1621 1358 hosti
1665 1300 2050 1371 relinquerent.
2119 1299 2300 1357 slavis

65 1390 196 1445 intra
230 1390 456 1445 moenia
496 1388 763 1459 admissis,
793 1389 1007 1459 quidam
1048 1404 1266 1446 uxorem
1297 1403 1468 1461 suam,
1503 1390 1786 1462 captivam,
1827 1389 2029 1446 Saxoni
2062 1394 2298 1460 nuptam,

65 1479 431 1548 conspicatus,
459 1492 671 1534 manum
718 1477 928 1535 mulieri
969 1479 1157 1549 injicit,
1202 1493 1235 1536 a
1273 1480 1466 1534 marito
1522 1476 1801 1550 repellitur
1835 1492 2012 1549 pugno
2053 1479 2301 1549 impacto,

65 1566 253 1623 Slavus
296 1567 496 1635 injuria
528 1567 783 1626 incensus
835 1566 1045 1638 clamat,
1086 1567 1424 1623 conditiones
1463 1566 1725 1624 violatas:
1783 1566 2010 1623 tumultu
2050 1567 2302 1634 excitato,

65 1654 205 1712 Slavi
234 1656 295 1712 in
323 1654 527 1713 caedes
562 1656 708 1711 versi
736 1653 1032 1726 oppidanos
1061 1656 1337 1729 trucidant,
1364 1668 1564 1712 uxores
1592 1660 1648 1711 et
1679 1653 1883 1711 liberos
1909 1656 1965 1710 in
1985 1656 2298 1718 servitutem

65 1743 399 1802 abstrahunt.

197 1833 291 1888 42.
368 1831 498 1904 Rex,
526 1831 693 1888 dilata
718 1832 969 1904 vindicta,
988 1832 1043 1888 in
1066 1832 1366 1902 Bajoariam
1380 1835 1567 1888 contra
1579 1832 1860 1901 ilungaros
1885 1830 2175 1904 contendit,
2202 1831 2302 1888 sed

65 1922 183 1978 dum
213 1920 397 1992 abest,
424 1920 601 1977 adhuc
626 1919 733 1978 alia
752 1924 978 1992 accepta
1004 1924 1091 1976 est
1118 1920 1321 1978 clades.
1366 1920 1544 1977 litium
1572 1922 1882 1991 superiores
1916 1918 2082 1992 slavi,
2108 1918 2301 1976 Luticii

65 2012 271 2082 minor,
308 2010 646 2080 Hungaricae
682 2009 994 2079 irruptionis
1036 2007 1178 2065 fama
1211 2009 1392 2078 exciti,
1415 2009 1636 2066 hostilia
1674 2007 1922 2077 agebant.
1996 2008 2208 2066 Gerone
2245 2009 2300 2068 in

65 2100 200 2167 regis
230 2099 498 2169 exercitu,
517 2102 575 2153 ut
597 2101 834 2169 apparet,
867 2103 1138 2169 versante,
1164 2098 1361 2152 missus
1391 2099 1552 2154 estin
1569 2110 1669 2153 eos
1684 2096 2047 2169 wedericus,
2069 2099 2162 2169 qui
2181 2111 2300 2155 oum

65 2192 247 2244 nostes
276 2189 337 2244 in
365 2187 620 2259 oppidum
647 2185 913 2258 quoddam
938 2184 1291 2256 compulisset
1319 2187 1481 2256 eique
1512 2188 1694 2254 ignem
1719 2186 2018 2256 injecisset,
2046 2188 2103 2242 in
2128 2186 2303 2243 reditu

65 2278 314 2334 iamnum
342 2288 537 2345 passus
563 2279 670 2333 est.
740 2276 873 2334 Cum
909 2276 1053 2332 enim
1092 2279 1239 2332 arcta
1281 2280 1434 2332 esset
1471 2276 1562 2330 via
1599 2275 1656 2330 in
1692 2273 1817 2330 loco
1859 2274 2123 2346 paludoso
2164 2273 2304 2331 baud

65 2364 248 2424 ›rocul
278 2361 432 2436 urbe,
446 2366 789 2437 maximaque
815 2379 941 2437 pars
957 2363 1230 2421 Saxonum
1264 2377 1334 2421 ex
1353 2364 1614 2433 angustiis
1643 2365 1927 2435 evasisset,
1953 2364 2219 2421 tardiores
2235 2361 2302 2420 ab

66 2455 391 2521 nsequente
417 2452 576 2509 hoste
600 2456 795 2525 pressi,
820 2455 878 2511 in
905 2452 1123 2510 foedam
1148 2464 1212 2510 se
1237 2450 1416 2523 fugam
1453 2455 1764 2521 conjecerat
1814 2453 1967 2508 caesi
1993 2455 2118 2510 sunt
2142 2451 2305 2522 quin-

65 2541 327 2610 Juuginta
351 2539 453 2593 viri
478 2536 667 2609 fortes,
697 2540 847 2596 multi
870 2543 1012 2609 capti
1040 2541 1212 2596 autin
1239 2539 1466 2608 paludes
1494 2539 1776 2610 compulsi.
1844 2540 2123 2610 Maiorque
2146 2554 2306 2609 quam

65 2642 152 2684 ›ro
164 2625 371 2682 damno
391 2627 564 2682 terror
579 2625 867 2684 saxoniam
887 2628 1180 2694 concussit,
1190 2640 1308 2682 cum
1329 2626 1437 2683 alia
1453 2628 1510 2682 iu
1529 2631 1681 2697 parte
1701 2628 1864 2684 etiam
1877 2628 1993 2696 regi
2010 2629 2305 2684 timeretur:

196 2712 296 2770 43.
374 2710 501 2769 Otto
519 2714 693 2785 igitur,
719 2712 863 2771 bello
891 2715 1190 2784 Hungarico
1211 2713 1478 2785 confecto,
1504 2713 1735 2771 reditum
1756 2715 1815 2770 in
1839 2713 2127 2772 saxoniam
2139 2729 2305 2786 prae-

65 2806 266 2877 :ipitat,
296 2800 395 2857 nbi
414 2801 749 2861 Hermannus
784 2803 1104 2862 defensione
1130 2803 1371 2873 regionis
1396 2806 1698 2873 contentus,
1730 2803 1877 2858 vires
1912 2803 2127 2860 interim
2149 2817 2305 2864 com-

65 2895 295 2964 morat,
325 2903 615 2949 accessere
642 2904 781 2968 quos
821 2905 918 2949 rex
957 2891 1191 2949 adduxit.
1262 2891 1458 2947 Filium
1487 2893 1650 2948 etiam
1680 2889 1963 2948 Ludolsum
1989 2905 2024 2949 a
2053 2892 2306 2949 Brunone

65 2986 323 3042 educent
372 2979 610 3052 affuisse,
659 2981 878 3037 invenio
918 2981 1061 3053 apud
1108 2975 1497 3052 Hepidannum.
1567 2979 1851 3054 Boleslaus
1894 2994 2014 3036 cum
2053 2979 2304 3037 Bohemis

65 3075 169 3129 iuis
200 3071 300 3127 hic
329 3071 492 3126 etiam
518 3074 738 3141 praesto
778 3067 899 3140 fuit,
939 3082 1009 3126 ex
1032 3068 1357 3127 Frodoardo.
1427 3069 1681 3126 venienti
1706 3071 1822 3139 regi
1849 3068 1998 3127 affuit
2022 3068 2304 3127 slavorum

66 3163 284 3231 egatio,
315 3158 426 3230 qui,
454 3157 635 3216 audita
658 3157 957 3228 Hungarica
989 3160 1231 3227 victoria,
1260 3160 1374 3227 jam
1400 3157 1507 3214 sibi
1544 3157 1871 3230 metuebant,
1899 3157 2305 3231 offerebantque

66 3251 323 3314 ributum
364 3247 433 3304 de
472 3260 637 3320 inore,
691 3248 789 3305 sed
832 3246 1137 3306 libertatem
1174 3250 1456 3316 regionum
1493 3261 1708 3304 suarum
1752 3249 1988 3305 retinere
2030 3246 2303 3306 volebant.

65 3341 169 3398 lex
199 3335 279 3395 ob
320 3336 567 3394 damnum
608 3338 805 3408 injuria
842 3337 1048 3396 illatum
1094 3336 1535 3394 satisfaciendum
1575 3337 1683 3393 sibi
1720 3337 2032 3408 respondet,
2071 3339 2303 3410 punien-

65 3431 277 3499 iosque
306 3424 635 3482 incentores.
706 3425 881 3482 Etiam
923 3426 992 3481 de
1032 3424 1321 3495 transfugis
1360 3425 1720 3483 consultatum
1761 3431 1881 3482 est:
1957 3426 2302 3495 wigmannus

65 3524 106 3574 it
136 3516 424 3572 Ecbertus
469 3512 657 3571 hostes
696 3517 905 3585 patriae
936 3514 1261 3587 judicantur,
1318 3517 1549 3571 caeteris
1588 3517 1890 3572 reversuris
1927 3516 2090 3572 venia
2128 3515 2301 3574 datur.

66 3608 187 3668 *nde
215 3617 326 3662 rex
353 3603 558 3671 ingenti
576 3604 883 3660 succinctus
911 3605 1167 3675 exercitu,
1195 3603 1448 3660 hostilem
1475 3618 1658 3674 agrum
1685 3604 1847 3674 longe
1865 3604 2082 3673 lateque
2108 3606 2301 3674 vastat,

65 3694 262 3768 ›ppida
291 3696 582 3764 expugnat,
610 3689 769 3764 ferro,
796 3693 924 3762 igne
948 3696 1235 3764 grassatur,
1258 3693 1471 3749 tandem
1488 3693 1558 3752 ad
1579 3693 1776 3749 Raxam
1793 3692 2009 3749 fluvium
2035 3694 2301 3763 pervenit.

65 3787 201 3842 leka
230 3781 423 3839 Slavis
459 3785 547 3837 est
566 3794 762 3838 nomen
789 3783 961 3847 amnis
986 3784 1043 3837 iu
1069 3784 1394 3840 universum.
1456 3782 1728 3840 Rakoniza
1750 3794 1877 3839 esse
1903 3781 2139 3851 potuerit
2162 3783 2301 3840 inter

65 3875 257 3931 ’enam
290 3872 352 3927 et
380 3868 629 3928 Warnam
656 3870 844 3928 fluens.
896 3870 1109 3928 Nostris
1135 3873 1191 3927 in
1212 3872 1452 3952 regionis
1486 3873 1746 3929 interiora
1769 3871 2073 3941 progressis
2113 3869 2299 3927 hostes

65 3964 303 4032 indique
347 3957 852 4018 circumfunduntur.
935 3958 1251 4016 Insidebant
1303 3960 1485 4030 sylvas
1532 3974 1567 4016 a
1607 3963 1776 4031 tergo,
1812 3962 1868 4016 et
1905 3958 2208 4016 saxonibus
2243 3961 2300 4015 in

65 4052 238 4108 'route
267 4046 530 4106 obstabat
556 4049 728 4105 amnis
756 4045 991 4105 difficilis
1025 4049 1252 4105 transitu
1294 4048 1365 4104 ob
1393 4046 1622 4119 paludes
1658 4050 1794 4121 ripis
1840 4046 2054 4105 offusas.
2123 4045 2301 4102 Etiam

65 4140 402 4200 tommeatus
441 4134 757 4193 difficultate
805 4135 1163 4210 laborabatur,
1208 4139 1266 4193 et
1319 4135 1491 4193 morbi
1529 4138 1588 4196 in
1626 4138 1867 4195 exercitu
1906 4134 2301 4208 grassabantur.

65 4230 193 4287 iero
214 4227 545 4285 Stoinevuni
562 4224 705 4284 torte
721 4227 1066 4297 conspicatus
1082 4228 1139 4281 in
1166 4224 1337 4283 altera
1353 4226 1487 4297 ripa,
1510 4226 1708 4283 salutat
1729 4232 1790 4283 ut
1807 4231 2008 4297 notum,
2026 4225 2299 4282 bortatur-

65 4332 175 4390 1ne,
197 4320 266 4374 ut
295 4327 365 4370 se
382 4314 659 4374 submittat
672 4316 875 4373 invicto
892 4317 1025 4386 regi,
1043 4316 1135 4386 qui
1161 4315 1283 4388 ipse
1300 4316 1355 4387 in
1374 4317 1615 4374 exercitu
1635 4320 1815 4386 esset3
1852 4313 2300 4372 excusabiliorem

65 4420 190 4478 ore,
222 4405 277 4462 si
309 4408 498 4462 contra
536 4404 771 4478 legatum
798 4409 1075 4478 pugnaret.
1112 4404 1369 4464 Stoinew
1384 4404 1669 4464 barbarum
1698 4404 1996 4476 frendente,
2025 4402 2195 4462 (ἔοι-οε
2235 4402 2300 4458 Si
