2817 4959
584 342 1116 410 ANNALES
1192 343 1654 413 IMPERII
2102 350 2225 418 533

50 525 222 577 terno
257 522 572 591 restituitur,
601 534 897 591 omnesque
922 519 1227 594 Nol-manni,
1268 519 1706 593 Rotomagenses,
1734 518 2228 596 constantinenses,
2254 526 2319 596 Α,
2340 526 2479 597 945,

47 613 356 680 Jocenses,
384 609 669 678 Haigroldo
701 614 902 680 autore,
931 607 1242 665 suasoribus
1269 608 1551 667 Bernardis
1570 608 1971 680 sylvanectensi
1990 615 2046 667 et
2063 609 2231 683 Dano,

52 702 293 766 jurant:
333 695 487 766 leges
516 701 819 767 statutaque
848 695 1087 753 Rollonis
1124 701 1463 754 renovantur.

128 787 185 840 7.
270 785 545 853 Gerberga
571 787 770 858 regina,
813 783 1092 841 intellecto
1134 786 1307 842 mariti
1348 799 1495 858 casu,
1535 800 1633 857 per
1662 787 1949 859 episcopos
1975 789 2085 855 agit
2112 800 2230 843 cum

47 888 227 943 [gone
253 873 454 944 Magno
483 873 619 929 duce
658 876 773 943 (sic
800 873 1008 929 Dudoni
1047 865 1392 945 appellaturj,
1434 877 1703 943 utregem
1727 877 1784 931 in
1810 874 2110 932 libertatem
2137 889 2231 932 re-

47 964 138 1017 tui
172 966 355 1018 curet.
426 962 655 1017 Ventum
682 966 769 1018 est
808 961 875 1018 ad
904 961 1229 1033 colloquium
1258 976 1376 1017 cum
1405 960 1738 1033 Normannis,
1781 962 2079 1019 Bernardns
2107 964 2231 1034 Syl-

47 1051 355 1108 nectensis
398 1050 624 1105 medium
666 1063 727 1107 se
768 1048 991 1106 terebat.
1062 1047 1322 1105 Petebant
1358 1050 1662 1123 Normanni,
1712 1049 1950 1107 obsidem
1973 1051 2077 1106 sibi
2119 1052 2231 1107 dari

48 1153 135 1194 >os
178 1140 353 1209 regis.
428 1136 697 1206 Gerberga
747 1139 999 1205 majorem
1044 1142 1171 1192 natu
1217 1152 1437 1209 negans,
1488 1139 1765 1196 minorem·
1788 1141 1962 1194 mittit*
1985 1138 2231 1195 Carolum

47 1226 129 1298 el,
161 1230 226 1281 nt
257 1226 473 1296 quidam
501 1230 712 1298 vocant,
755 1225 1244 1298 Carolomanuum),
1286 1228 1375 1297 qui
1404 1240 1534 1281 mox·
1554 1227 1693 1298 apud
1719 1226 2052 1283 Normaunos
2080 1227 2229 1284 obiit.

48 1315 154 1370 ido
200 1317 372 1370 etiam
412 1314 881 1370 Suessionensium
924 1315 1212 1387 episcopus
1253 1317 1308 1370 et
1351 1313 1654 1384 Hildigerus
1702 1314 2100 1373 Bellovacensis
2127 1315 2232 1371 ob·-

47 1404 146 1459 les
172 1402 461 1458 adduntur.
510 1403 591 1459 Ita
608 1405 945 1475 paxjuratnr,
974 1402 1233 1458 Richardo
1260 1406 1483 1475 paterna
1503 1404 1653 1472 regio
1672 1404 1922 1460 redditur.
1969 1404 2231 1459 Dimissus

47 1508 87 1547 x
121 1508 155 1546 a
184 1491 528 1562 Normannis,
556 1490 623 1548 ab
650 1490 875 1560 lingone
901 1490 1201 1564 detinetur,·.
1224 1496 1281 1547 et
1307 1489 1406 1547 sub
1437 1490 1682 1548 'letbaldi
1708 1485 1985 1548 Bles'ensis
2014 1498 2069 1548 et
2097 1491 2229 1548 Car-

47 1581 257 1635 atensis
288 1581 499 1636 comitis
528 1578 770 1635 custodia
809 1577 1050 1635 habetur.
1123 1580 1335 1637 Interea
1370 1578 1496 1636 Otto
1527 1593 1624 1636 rex
1651 1595 1947 1652 quanquam
1977 1580 2230 1638 Ludovici

47 1668 285 1723 vitatem
325 1672 553 1739 actaque
594 1682 777 1737 pamm
817 1666 1084 1738 probaret,
1125 1668 1304 1724 audita
1344 1672 1523 1725 tamen
1548 1669 1964 1725 Nummorum
1994 1668 2229 1740 perfidia,

47 1761 184 1811 otus
214 1755 469 1827 precibus
496 1757 730 1826 reginae,
758 1757 983 1828 ipsaque
1009 1758 1095 1812 rei
1117 1757 1447 1828 indignitate,
1481 1770 1556 1813 ne
1582 1759 1754 1813 sorori
1782 1763 1837 1814 et
1866 1771 1934 1814 ex
1962 1772 2028 1814 ea
2055 1770 2229 1827 nepo·

47 1846 170 1917 bns,
188 1859 335 1900 neve
354 1845 618 1900 communi
638 1858 816 1913 regum
836 1857 1031 1899 causae
1052 1843 1288 1916 deesset,
1306 1844 1544 1902 Rhenum
1565 1847 1859 1917 transierat,
1876 1842 2236 1918 sperabatque

47 1947 244 1990 raucos
272 1947 370 2003 pro
398 1947 527 2001 rege
557 1946 655 1989 suo
684 1931 853 1988 alibro
875 1933 930 1987 in
959 1936 1234 1988 externum
1261 1932 1503 2002 bostem3
1540 1946 1657 1990 cum
1686 1932 2009 1990 Ludovicum
2039 1933 2233 1991 frustra

48 2024 306 2091 nissum,
351 2035 491 2076 nova
536 2020 723 2078 fraude
767 2022 938 2077 teneri
981 2018 1247 2088 intelligit.
1338 2020 1490 2091 Hugo
1537 2021 1642 2077 sibi
1687 2027 1947 2095 metuens,
1998 2022 2230 2090 legatum

48 2112 182 2180 ittit,
226 2108 562 2180 colloquium
594 2111 746 2179 petit.
819 2099 943 2164 Otto
972 2108 1249 2177 nugonem
1275 2108 1342 2165 ad
1371 2114 1646 2180 aspectum
1675 2124 1826 2166 suum
1867 2124 1975 2166 non
2002 2109 2230 2181 admisit,

47 2199 213 2254 iacuit
240 2201 434 2271 tamen,
466 2205 522 2254 ut
551 2212 669 2253 cnm
700 2196 945 2257 Conrado
970 2195 1394 2254 Lethariensium
1424 2197 1559 2254 duce
1588 2200 2016 2269 congrederetur.
2081 2197 2231 2255 Con-

47 2289 134 2342 ido
182 2288 353 2342 minas
394 2288 705 2358 intentante,
747 2287 804 2342 ni
827 2300 923 2342 rex
951 2288 1189 2356 protinus
1230 2287 1350 2343 sine
1388 2285 1500 2342 ulla
1529 2286 1835 2344 conditione
1861 2286 2230 2358 dimitteretur,

51 2389 232 2445 ugone
280 2373 584 2431 Laudunum
627 2374 733 2429 sibi
778 2376 913 2431 tradi
957 2374 1294 2447 postulante3
1339 2372 1554 2430 infestis
1596 2375 1785 2430 animis
1825 2390 1858 2432 a
1897 2388 1962 2431 se
2001 2377 2231 2432 invicem

47 2468 333 2519 incessere.
404 2461 483 2519 Eo
523 2468 763 2534 tempore
805 2462 1078 2531 peculiare
1116 2461 1287 2518 morbi
1327 2476 1495 2529 genus
1522 2462 1792 2519 Franciam
1830 2465 1972 2519 circa
1998 2458 2229 2519 Parisios

47 2554 338 2621 ervaserat,
380 2549 612 2607 membra
654 2550 921 2606 hominum
951 2551 1164 2607 diversa
1189 2550 1338 2606 velut
1374 2553 1501 2618 igne
1530 2551 1758 2622 quodam
1796 2551 2231 2621 corripiebantur,

47 2641 290 2695 ldeinde
316 2640 548 2695 extincta
574 2638 990 2695 inflammatione
1017 2637 1164 2693 velut
1204 2642 1395 2695 exusta
1436 2652 1532 2708 per
1559 2651 1914 2706 gangraenam
1942 2650 2234 2693 consume-

48 2733 217 2799 antur,
259 2728 432 2783 donec
472 2740 615 2783 mors
655 2725 971 2800 supplicium
1013 2722 1203 2782 finiret.
1275 2725 1440 2782 Beata
1467 2729 1617 2795 virgo
1657 2729 1827 2780 mater
1855 2724 2065 2780 Domini
2093 2723 2232 2794 apud

51 2819 247 2873 arisios
278 2816 478 2872 credita
503 2820 589 2871 est
631 2816 840 2871 miseris
880 2815 1230 2884 succurrisse,
1272 2816 1331 2867 nt
1356 2816 1617 2882 quotquot
1643 2813 1709 2868 ad
1740 2815 1858 2881 ejus
1886 2811 2073 2867 aedem
2101 2824 2233 2881 per-

48 2908 275 2975 enirent,
302 2904 435 2959 salvi
464 2910 663 2975 essent,
693 2905 913 2972 lingone
940 2905 997 2958 in
1026 2915 1229 2972 egenos
1255 2901 1491 2957 advenas
1519 2897 1783 2956 munifico.

152 2994 208 3049 8.
276 2991 355 3047 Eo
382 2994 639 3065 tempore,
667 3006 772 3062 quo
799 3006 896 3048 rex
923 2989 1131 3046 Galliae
1159 2993 1345 3060 captus
1371 2987 1726 3060 nuntiabatur,
1759 2988 1957 3045 Ottone
1983 2987 2040 3043 in
2066 2984 2231 3057 sylvis

48 3081 289 3138 ¹enationi
306 3082 524 3153 intento,
553 3081 759 3136 obsides
779 3081 976 3149 [inquit
991 3077 1335 3144 witikindus]
1353 3077 1594 3133 Boleslai
1617 3077 1863 3147 vidimus,
1881 3074 2230 3131 Bobemornm

51 3172 239 3226 cilicet·
249 3171 518 3247 principis,
537 3184 670 3241 quos
696 3181 802 3223 rea:
830 3169 1005 3222 laem
1031 3181 1099 3222 ea
1123 3181 1189 3222 re
1211 3167 1651 3238 populoJosteudi·
1666 3167 1846 3232 jussit.
1913 3163 2046 3220 Cum
2074 3165 2230 3234 enim,

49 3259 183 3315 ebus
222 3259 359 3313 domi
402 3258 731 3329 compositis,
771 3259 954 3311 omnia
980 3258 1185 3312 circum
1207 3269 1380 3326 reque
1407 3268 1597 3310 coram
1623 3268 1686 3309 eo
1713 3255 1934 3309 silerent
1975 3256 2063 3322 (nt
2089 3252 2228 3309 idem

47 3348 292 3417 oquitur),
334 3345 657 3402 credendum
685 3347 787 3417 est,
827 3342 1135 3401 Boleslaum
1164 3342 1638 3412 sibi-metuentem,
1674 3340 1874 3398 bellum
1903 3340 2084 3397 missis
2112 3352 2232 3395 mu-

47 3433 233 3492 neribus
260 3437 315 3490 et
339 3434 531 3504 legatis
561 3434 835 3503 deprecari
863 3433 1154 3504 studuisse,
1190 3434 1451 3501 imperata
1478 3430 1659 3487 facere
1687 3429 1996 3501 pollicitum,
2024 3426 2234 3483 obsidi-

47 3538 122 3578 »us
149 3522 299 3579 datis.
369 3522 558 3595 ltaque
584 3521 741 3579 valde
769 3522 947 3578 emnia
972 3524 1295 3591 exaggerant
1321 3516 1543 3576 Bobemi
1571 3521 1880 3589 scriptores,
1916 3518 2008 3587 qui
2033 3513 2232 3572 bellum

47 3611 91 3667 lb
134 3612 295 3666 initiis
339 3609 553 3667 ottonis
596 3623 767 3680 usque
812 3609 880 3667 ad
924 3624 973 3666 a.
1006 3607 1070 3663 Ι).
1108 3607 1229 3664 950.
1275 3611 1498 3664 tractum
1542 3609 1745 3680 putant.
1825 3605 1939 3675 Ego
1983 3603 2096 3658 teto
2135 3600 2232 3657 illo

47 3698 298 3756 ntervallo
332 3704 544 3771 praeter
576 3713 736 3755 unam
769 3702 1070 3754 nostrorum
1094 3694 1371 3754 infelicem
1407 3696 1803 3767 expeditionem
1836 3689 1970 3748 nibil
2004 3689 2233 3758 alicujus

47 3788 270 3844 nomenti
310 3801 428 3843 cnm
454 3786 703 3843 Bobemis
732 3791 908 3844 actum
936 3789 1080 3857 puto,
1121 3786 1440 3856 quiescente
1480 3784 1748 3855 Boleslao,
1793 3793 1864 3837 ne
1901 3788 2150 3847 magnum
2177 3783 2235 3833 et

47 3890 331 3946 generosum
360 3877 653 3947 principem
670 3877 931 3941 irritarem
963 3873 1160 3931 ottone
1186 3880 1367 3930 autem
1392 3872 1678 3928 vindictam
1707 3869 1931 3924 sceleris
1949 3868 2007 3923 in
2023 3875 2233 3939 tempus

47 3962 343 4020 >ennodius
373 3963 667 4021 differente.
739 3962 820 4018 Ex
844 3961 1099 4019 hocloco
1138 3962 1486 4032 intelligimus
1515 3956 1855 4015 witikindum
1884 3954 2233 4024 historiogra-

47 4053 182 4109 »hum
206 4056 326 4109 tunc
350 4066 458 4108 non
486 4053 671 4122 procul
699 4053 824 4108 aula
853 4052 1049 4121 egisse.

162 4139 213 4195 9.
278 4140 412 4196 Dum
441 4140 568 4198 Otto
610 4145 724 4198 erat
762 4143 820 4198 in
845 4138 1180 4195 Lethariensi
1219 4150 1402 4207 reguo,
1445 4133 1578 4190 obiit
1615 4131 1888 4189 Richarius
1918 4131 2234 4188 Leodiensis

47 4232 321 4300 ‚piscopos
368 4229 576 4285 decimo
604 4229 719 4285 Kal.
748 4228 899 4300 Aug„
937 4232 997 4283 ut
1032 4226 1364 4283 Leodienses
1391 4222 1648 4294 scribunt,
1695 4223 1780 4278 cui
1824 4234 1919 4278 rex
1958 4219 2236 4288 Hugenem

47 4321 79 4374 i.
108 4317 365 4372 Maximini
407 4316 657 4374 abbatem
696 4318 802 4373 etsi
840 4316 1191 4374 reluctantem
1231 4311 1457 4368 suffecit.
1542 4309 1816 4367 Richarius
1858 4307 2234 4364 monasterinm

47 4410 79 4462 ἰ.
108 4407 241 4461 Petri
280 4407 332 4461 in
374 4404 572 4462 Leodio
614 4407 682 4461 ad
718 4405 911 4477 pedem
943 4405 1138 4461 montis
1169 4402 1345 4474 situm,
1385 4415 1417 4457 a
1455 4399 1769 4457 Normannis
1799 4403 2038 4468 tempore
2067 4394 2235 4449 Fran-

47 4498 177 4552 ;onis
196 4496 431 4567 episcopi
449 4508 712 4567 eversum,
740 4495 1020 4566 reparavit,
1047 4505 1158 4551 non
1183 4489 1321 4550 aede
1347 4491 1552 4549 tantum
1580 4502 1750 4559 sacra,
1779 4484 1875 4544 sed
1896 4485 2057 4541 etiam
2080 4480 2236 4538 aedi-
