2817 4959
672 262 1202 332 ANNAL'ES
1271 263 1727 337 IMPER'Ii
2179 271 2315 339 405*

231 436 318 494 18.
393 437 499 495 Sed
541 452 741 511 operae
781 427 1007 510 pretium
1042 446 1140 512 est,
1182 445 1365 512 paucis
1399 446 1768 516 genealogiam
1809 448 2008 516 regiam
2035 446 2304 516 Anglicam
2333 445 2554 517 Ᾰ.930.

60 527 230 581 oirca
274 525 380 582 hoc
418 531 630 599 tempus
671 527 941 598 exhibere,
983 528 1266 597 adjuvante
1303 531 1635 588 Ethelwerdi
1676 546 1840 606 opere
1881 535 1949 590 ad
1987 534 2308 606 mathildem,

57 612 305 670 ottonis
345 611 523 684 Magni
562 615 740 687 liliam,
786 630 942 685 quam
989 617 1359 674 consobrinam
1399 621 1860 678 vocat'latissima
1904 622 2309 694 significatione,

57 702 228 772 quod
253 702 456 759 abares
484 703 677 759 fratres
699 704 957 774 crederet,
981 703 1320 762 Ethelredum
1341 706 1681 780 Ethelwerdi‚
1705 710 1994 766 Aelfridum
2014 709 2311 781 mathildim

56 806 206 847 nam
235 790 545 848 mathildem
567 789 747 858 Ottoni
773 792 842 849 ni.
872 805 940 848 ex
967 794 1145 862 priore
1172 797 1526 866 matrimonio,
1554 796 1606 850 id
1628 799 1713 850 est
1740 809 1807 851 ex
1826 799 2039 866 Anglica
2067 802 2311 870 principe

56 884 283 950 natam,
313 878 450 936 falso
476 879 847 937 Ethelwerdus
877 884 1096 950 putavit.
1158 879 1321 938 Porro
1349 881 1703 940 Ethelwull'us
1732 898 1828 941 rex
1852 884 2121 941 Juditham
2148 886 2311 944 filiam

59 966 270 1023 Caroli
297 967 365 1023 11.
408 971 618 1037 augusti
656 969 817 1038 vulgo
859 967 1012 1025 Calvi
1051 971 1107 1024 in
1148 972 1480 1026 matrimonio
1520 971 1902 1042 habuit‚‘quae
1932 973 2125 1029 deinde
2148 975 2311 1030 vidua

57 1054 345 1111 Balduiuo
374 1059 553 1111 comiti
580 1056 861 1114 Flaudriae
885 1060 1081 1129 nupsit.
1145 1055 1390 1128 Quinque
1422 1061 1473 1115 ei
1500 1059 1596 1115 tilii
1622 1064 1750 1130 nati,
1780 1063 1870 1130 qui
1899 1075 2085 1118 omnes
2113 1075 2311 1132 regna-
2342 1048 2349 1054 ’

57 1158 234 1215 vere,
278 1146 478 1215 primus
517 1143 862 1202 Ethelstanus
900 1159 1022 1202 cum
1065 1148 1233 1219 patre,
1279 1148 1376 1203 sed
1410 1161 1568 1218 quem
1608 1153 1777 1205 morte
1818 1153 2124 1220 praeventu
2172 1153 2311 1221 patri

59 1248 119 1288 a.
143 1231 217 1288 D.
236 1229 359 1287 957.
389 1226 706 1290 successere
733 1233 890 1289 simul
917 1236 1108 1290 iratres
1137 1236 1258 1307 duo,
1286 1235 1637 1292 Ethelhaldus
1666 1238 1805 1310 apud
1834 1238 2031 1296 West-
2049 1239 2310 1310 SaxoneS,

61 1319 428 1377 Etheibertus
457 1323 597 1391 apud
625 1321 862 1396 Cautios,
904 1323 1000 1379 sed
1042 1325 1220 1395 priore
1257 1340 1303 1380 a.
1332 1324 1393 1383 D.
1421 1325 1543 1381 860.
1574 1328 1827 1398 extincto,
1867 1329 2132 1397 posterior
2161 1328 2311 1383 solus

63 1410 331 1478 regnavit
367 1424 542 1481 usque
582 1410 648 1466 ad
689 1426 735 1466 a.
765 1410 827 1466 D.
852 1411 976 1467 866.
1004 1411 1239 1485 ve1867,
1281 1427 1386 1484 quo
1429 1419 1652 1484 regnare
1681 1417 1860 1486 coepit
1898 1421 2117 1486 quartus
2147 1414 2312 1471 frater

61 1497 425 1570 Ethelredus,
466 1501 617 1568 cnjus
659 1497 770 1555 fllia
796 1499 965 1572 Thyra
1006 1500 1258 1557 Gor-moni
1299 1502 1564 1559 Danornm
1604 1505 1718 1573 regi
1760 1503 2087 1576 desponsata
2124 1501 2311 1572 fertur,

65 1590 210 1659 ipse
234 1585 373 1643 obiit
399 1603 447 1644 a.
463 1587 525 1644 D.
538 1587 662 1660 8¹21,
689 1601 1017 1660 regnumque
1044 1593 1288 1659 pervenit
1316 1591 1382 1646 ad
1409 1593 1756 1647 novissimum
1784 1592 1999 1649 fratrem
2017 1590 2310 1661 Amadum,

68 1689 244 1747 quem
270 1688 364 1730 res
388 1675 712 1745 Anglicanas
738 1678 1046 1733 restituisse
1075 1693 1237 1748 supra
1266 1679 1467 1734 dictum
1492 1683 1590 1735 est.

227 1762 313 1819 19.
384 1762 635 1822 Alfredus
663 1761 950 1821 monarcha
977 1766 1267 1835 Anglorum
1295 1766 1430 1821 duos
1458 1766 1600 1822 filios
1626 1767 1826 1838 habuit,
1868 1765 2182 1839 Eduardum,
2220 1769 2313 1837 qui

67 1856 213 1924 post
233 1853 411 1922 ipsum
439 1856 695 1924 regnavit,
726 1853 1209 1925 etEthelwardum,
1235 1868 1391 1924 quem
1421 1853 1839 1911 literatissimum
1868 1856 2037 1912 fuisse
2065 1855 2313 1927 perhibet

69 1940 599 1997 malmesburiensis.
680 1939 761 1996 De
807 1939 1018 1996 filiabus
1061 1942 1303 1998 nonnihil
1345 1944 1593 1999 variatur.
1673 1943 2038 2014 Ethelfledem,
2082 1943 2315 1999 Eadredi

71 2028 405 2084 merciorum
446 2030 656 2085 comitis
697 2041 918 2084 uxorem
955 2031 1253 2098 praeterire
1294 2042 1378 2084 se³
1397 2032 1474 2085 ait
1511 2029 1680 2087 Asser
1722 2032 2064 2087 menevensis
2106 2034 2161 2088 in
2200 2034 2314 2088 vita

72 2116 301 2188 Aliredi,
344 2116 485 2187 quod
511 2119 771 2185 tuncjam
799 2121 1005 2172 mortua
1033 2114 1211 2172 fuerit.
1275 2116 1649 2173 Ethelswitam
1675 2118 1835 2175 hahet
1862 2118 2315 2176 malmesburien-

79 2209 182 2277 sis,
221 2204 367 2260 idem
394 2202 694 2275 Blfguivam
734 2205 868 2273 (aut
908 2208 968 2259 ut
991 2204 1162 2260 Asser
1186 2206 1441 2276 nominat,
1481 2205 1919 2276 Aethelgeofam)
1959 2211 2016 2263 et
2041 2205 2312 2263 Elfredam

75 2295 614 2370 virgines‘uomiuat.
678 2293 784 2349 Sed
828 2291 1122 2348 Eli‘trudam
1149 2292 1238 2348 vel
1275 2291 1553 2348 Elei'ritam
1594 2293 1852 2350 Balduino
1888 2295 2089 2365 juniori
2131 2298 2313 2352 comiti

77 2381 366 2438 flandriae
394 2387 547 2452 pater
573 2380 935 2453 desponsavit,
963 2382 1105 2436 unde
1131 2383 1243 2436 nati
1270 2385 1395 2436 sunt
1416 2380 1668 2438 Amulius
1689 2389 1744 2439 et
1765 2382 2003 2455 Adolfus,
2035 2385 2101 2441 de
2120 2383 2313 2454 quibus

79 2483 258 2541 nuper
283 2470 481 2525 dictum
501 2474 602 2526 est.
651 2470 928 2526 Eduardus
952 2484 999 2525 a.
1014 2468 1076 2524 D.
1091 2469 1212 2525 901.
1235 2483 1330 2524 rex
1357 2468 1535 2525 factus
1556 2471 1857 2542 complures
1884 2471 2088 2527 liberos
2113 2469 2314 2542 habuit,

84 2564 145 2615 et
170 2557 400 2614 filiarum
426 2572 533 2614 uon
560 2559 734 2613 minus
774 2557 1125 2630 pulchritudo,
1170 2572 1326 2628 quam
1355 2560 1523 2614 virtus
1553 2561 1609 2613 et
1636 2559 1876 2614 doctrina
1904 2573 1935 2613 a
1963 2559 2313 2631 scriptoribus

83 2647 406 2717 celebratur,
445 2646 602 2703 unde·
629 2649 741 2702 tota
781 2646 994 2718 Europa
1033 2644 1437 2717 expetebantur.
1521 2644 1601 2700 Ex
1628 2645 1847 2716 Eguina,
1877 2660 2035 2714 qnam
2062 2646 2315 2715 opilionis

77 2735 252 2792 filiam
279 2735 420 2806 apud
446 2737 706 2792 nutricem
735 2750 884 2792 suam
911 2735 1053 2790 forte
1071 2734 1482 2803 visam-amavit,
1502 2732 1850 2789 Adelstauum
1879 2734 2061 2800 genuit
2087 2745 2316 2790 sucees-

82 2837 285 2894 sorem,
332 2827 389 2879 et
427 2822 608 2895 filiam,
662 2823 893 2880 sithrico
933 2822 1083 2877 Dauo
1137 2819 1662 2876 Northantmhrorum
1702 2821 2160 2892 regulomuptam.
2234 2819 2317 2876 Ex

78 2911 294 2969 Elfleda
322 2914 532 2968 comitis
560 2912 789 2969 Ethelmi
816 2911 927 2967 filia
954 2909 1367 2980 Ethelwardum,
1393 2908 1690 2981 Edwinum,
1716 2908 1992 2965 Edfledam
2018 2910 2317 2965 sanctimo-

79 3001 302 3072 nialem,
348 2999 620 3070 Edgivam·
647 3001 807 3070 vulgo
850 2999 1088 3070 ogivam,-
1134 2997 1320 3054 Caroli
1360 2997 1631 3069 Simplicis
1676 3011 1914 3068 uxorem,
1961 2995 2316 3053 Ethelhildam

82 3089 281 3145 laicum
307 3092 599 3161 innuptam,
639 3088 903 3145 Etiiildam
931 3088 1137 3157 Bugoni
1165 3086 1384 3142 Roberti
1424 3088 1569 3156 regis
1611 3085 1722 3143 filio
1760 3091 1997 3162 nuptam,
2037 3085 2316 3156 Edgitham

85 3182 142 3234 et
165 3178 413 3250 Elgivam
455 3182 626 3248 (quae
653 3178 924 3234 Roswitae
951 3178 1162 3247 Adiva),
1203 3175 1432 3232 Henrico
1469 3177 1584 3244 regi
1611 3174 1926 3232 Germaniae
1956 3177 2317 3244 transmissas,

85 3280 310 3336 quarum
337 3268 483 3336 prior
511 3266 694 3322 ottoni
721 3265 790 3322 M.
819 3265 989 3322 altera
1016 3263 1460 3337 principi-Alpino
1486 3267 1685 3335 nupsit,
1723 3263 1813 3334 qui
1850 3264 2316 3320 Malmesburiensi

83 3355 263 3410 dictus
285 3358 371 3410 est
387 3353 688 3411 Ludovicus
708 3356 957 3426 princeps
980 3354 1303 3424 Aquitanus;
1333 3351 1529 3421 dequo
1547 3366 1721 3423 supra.
1766 3349 1848 3407 Ex
1864 3353 2069 3422 Edgiva
2085 3352 2319 3421 denique

81 3443 421 3500 Edmundum
433 3448 491 3500 et
502 3443 784 3516 Edredum,
799 3445 890 3514 qui
904 3446 1029 3513 post
1049 3442 1396 3498 Adsistauum
1409 3445 1712 3513 regnarunt,
1729 3445 1785 3496 et
1797 3441 2134 3508 Eadburgem
2151 3452 2318 3494 sauc-

86 3532 437 3588 timonialem.
482 3531 688 3602 Coniux
699 3531 909 3588 Ottouis
925 3531 994 3587 Μ.
1007 3530 1343 3586 Ethelwerdo
1357 3529 1611 3602 Eadgida,
1623 3525 2318 3600 MalmesburiensiEdgina,

83 3621 366 3677 Reswitae
387 3620 632 3692 Eaditha,
659 3621 948 3677 witikindo
978 3619 1181 3691 Edidis,
1207 3617 1446 3674 Ditmaro
1475 3618 1613 3691 Edit,
1642 3616 2018 3690 diplomatibus
2045 3615 2263 3684 Edgida.

228 3709 320 3766 2⁰2
389 3708 677 3778 Rotgerum
705 3709 1165 3781 archiepiscopum
1191 3706 1564 3764 Trevirensem
1604 3706 1709 3762 hoc
1737 3721 1875 3762 anno
1917 3705 2143 3776 obiisse,
2182 3703 2321 3760 Bro-

83 3810 269 3854 werus
295 3779 590 3854 veris'imile
616 3797 806 3853 reddit.
860 3798 1050 3867 Neque
1078 3798 1221 3852 enim
1248 3799 1532 3867 quicquam
1558 3795 1697 3851 ultro
1727 3794 1794 3850 de
1825 3807 1891 3849 eo
1920 3797 2190 3863 repertum
2218 3796 2322 3865 est,

85 3891 244 3941 certe
285 3898 574 3942 successor
608 3889 720 3954 jam
760 3886 903 3941 sedit
944 3901 991 3941 a,
1019 3884 1081 3940 D.
1109 3884 1230 3956 932,
1273 3889 1329 3940 ut
1365 3883 1482 3939 illic
1508 3884 1764 3940 dicemus.
1819 3882 1979 3938 Extat
2005 3882 2238 3938 Treviris
2266 3883 2324 3937 in

85 3974 323 4030 basilica
350 3973 678 4045 Pauliniana,
706 3976 940 4029 oratorio
970 3967 1023 4029 S.
1051 3973 1370 4047 walburgis,
1403 3975 1544 4043 lapis
1574 3971 1890 4044 sepulcralis
1931 3984 2073 4041 pene
2101 3969 2323 4026 obrutus

79 4065 418 4134 pavimento,
475 4063 571 4118 ubi
621 4063 936 4134 inscriptum
979 4063 1204 4131 legitur:
1270 4065 1321 4117 6.
1365 4062 1484 4117 Kal.
1522 4060 1643 4117 Feb.
1684 4074 1733 4116 o.
1774 4061 2080 4130 Βασίμα-ιω
2122 4059 2324 4116 Treuir.

84 4152 328 4225 archiep.
389 4150 727 4208 Frodeardus
768 4153 1056 4208 canonicus
1097 4152 1378 4208 Remensis
1422 4152 1475 4208 ei
1514 4151 1661 4205 misit
1699 4151 1756 4206 et
1794 4149 2082 4220 inscriptos
2126 4148 2324 4203 dicavit

83 4240 261 4296 libros
306 4245 614 4311 poematum
659 4253 932 4297 sacrorum·
978 4254 1010 4296 a
1055 4254 1118 4296 se
1164 4241 1595 4311 compositorum,
1652 4253 1872 4310 quorum
1929 4239 2038 4293 tres
2088 4240 2211 4291 suut
2256 4235 2325 4287 de

87 4329 378 4400 triumphis
405 4329 604 4385 Christi
632 4334 691 4384 et
715 4334 1019 4386 sanctornm
1047 4329 1400 4401 Palaestinae,
1432 4317 1732 4399 quindecim
1763 4328 1851 4384 alii
1882 4328 1916 4365 ¹·
1946 4325 2013 4380 de
2050 4320 2326 4392 triumphis

183 4437 239 4491 ⁸)
278 4436 400 4481 alios
428 4435 572 4498 Leibu.
600 4435 678 4481 aiii
707 4448 763 4481 a·
791 4447 903 4481 corr.
933 4436 1161 4480 Ecum-di.
