<?xml version="1.0" encoding="UTF-8"?>
<!DOCTYPE html PUBLIC "-//W3C//DTD XHTML 1.0 Transitional//EN"
    "http://www.w3.org/TR/xhtml1/DTD/xhtml1-transitional.dtd">
<html xmlns="http://www.w3.org/1999/xhtml" xml:lang="en" lang="en">
 <head>
  <title>
</title>
<meta http-equiv="Content-Type" content="text/html;charset=utf-8" />
  <meta name='ocr-system' content='tesseract 3.04.00' />
  <meta name='ocr-capabilities' content='ocr_page ocr_carea ocr_par ocr_line ocrx_word'/>
</head>
<body>
  <div class='ocr_page' id='page_1' title='image "./godofrwilhleibn00pertgoog_0354.png"; bbox 0 0 2817 4959; ppageno 0'>
   <div class='ocr_carea' id='block_1_1' title="bbox 453 283 2104 371">
    <p class='ocr_par' dir='ltr' id='par_1_1' title="bbox 453 283 2104 371">
     <span class='ocr_line' id='line_1_1' title="bbox 453 283 2104 371; baseline -0.003 -13"><span class='ocrx_word' id='word_1_1' title='bbox 453 285 589 358; x_wconf 63' lang='lat' dir='ltr'><strong>mm</strong></span> <span class='ocrx_word' id='word_1_2' title='bbox 713 355 729 371; x_wconf 68' lang='grc'>,</span> <span class='ocrx_word' id='word_1_3' title='bbox 1035 283 2104 354; x_wconf 71' lang='grc' dir='ltr'><strong>ΑΝΝΑιΕΒιιΡΕκη</strong></span> 
     </span>
    </p>
   </div>
   <div class='ocr_carea' id='block_1_2' title="bbox 103 459 2688 4523">
    <p class='ocr_par' dir='ltr' id='par_1_2' title="bbox 103 459 2688 2128">
     <span class='ocr_line' id='line_1_2' title="bbox 209 459 2685 536; baseline -0 -14"><span class='ocrx_word' id='word_1_4' title='bbox 209 464 278 534; x_wconf 66' lang='grc' dir='ltr'><strong>Α.</strong></span> <span class='ocrx_word' id='word_1_5' title='bbox 291 459 437 534; x_wconf 63' lang='lat'><strong>¹20.</strong></span> <span class='ocrx_word' id='word_1_6' title='bbox 464 474 626 522; x_wconf 83' lang='lat' dir='ltr'><strong>caesa</strong></span> <span class='ocrx_word' id='word_1_7' title='bbox 666 462 1009 529; x_wconf 65' lang='lat' dir='ltr'><strong>nouorum</strong></span> <span class='ocrx_word' id='word_1_8' title='bbox 1063 475 1242 533; x_wconf 75' lang='lat' dir='ltr'><strong>neque</strong></span> <span class='ocrx_word' id='word_1_9' title='bbox 1286 463 1431 519; x_wconf 76' lang='lat' dir='ltr'><strong>enim</strong></span> <span class='ocrx_word' id='word_1_10' title='bbox 1472 461 1737 520; x_wconf 71' lang='lat' dir='ltr'><strong>Bobertu</strong></span> <span class='ocrx_word' id='word_1_11' title='bbox 1778 462 1927 519; x_wconf 75' lang='lat' dir='ltr'><strong>vires</strong></span> <span class='ocrx_word' id='word_1_12' title='bbox 1966 462 2323 536; x_wconf 68' lang='lat' dir='ltr'><strong>enumerat,</strong></span> <span class='ocrx_word' id='word_1_13' title='bbox 2366 465 2425 521; x_wconf 87' lang='lat' dir='ltr'><strong>et</strong></span> <span class='ocrx_word' id='word_1_14' title='bbox 2456 462 2685 522; x_wconf 76' lang='lat' dir='ltr'><strong>Carolus</strong></span> 
     </span>
     <span class='ocr_line' id='line_1_3' title="bbox 103 550 2683 625; baseline 0 -15"><span class='ocrx_word' id='word_1_15' title='bbox 103 555 110 562; x_wconf 87' lang='lat'>&#39;</span> <span class='ocrx_word' id='word_1_16' title='bbox 453 555 679 610; x_wconf 77' lang='lat' dir='ltr'><strong>venerat</strong></span> <span class='ocrx_word' id='word_1_17' title='bbox 718 551 968 623; x_wconf 62' lang='lat' dir='ltr'><strong>expedita</strong></span> <span class='ocrx_word' id='word_1_18' title='bbox 1010 564 1186 606; x_wconf 76' lang='lat' dir='ltr'><strong>manu.</strong></span> <span class='ocrx_word' id='word_1_19' title='bbox 1277 551 1584 623; x_wconf 76' lang='lat' dir='ltr'><strong>Ademarus,</strong></span> <span class='ocrx_word' id='word_1_20' title='bbox 1630 550 2032 609; x_wconf 71' lang='lat' dir='ltr'><strong>Lemovicmisis</strong></span> <span class='ocrx_word' id='word_1_21' title='bbox 2077 550 2311 608; x_wconf 78' lang='lat' dir='ltr'><strong>chronici</strong></span> <span class='ocrx_word' id='word_1_22' title='bbox 2355 557 2530 625; x_wconf 82' lang='lat' dir='ltr'><strong>autor,</strong></span> <span class='ocrx_word' id='word_1_23' title='bbox 2575 556 2683 610; x_wconf 63' lang='lat' dir='ltr'><strong>otti</strong></span> 
     </span>
     <span class='ocr_line' id='line_1_4' title="bbox 451 638 2683 714; baseline 0.001 -17"><span class='ocrx_word' id='word_1_24' title='bbox 451 654 636 714; x_wconf 78' lang='lat' dir='ltr'><strong>pamm</strong></span> <span class='ocrx_word' id='word_1_25' title='bbox 656 645 817 711; x_wconf 84' lang='lat' dir='ltr'><strong>tutus,</strong></span> <span class='ocrx_word' id='word_1_26' title='bbox 845 638 1106 709; x_wconf 87' lang='lat' dir='ltr'><strong>quaedam</strong></span> <span class='ocrx_word' id='word_1_27' title='bbox 1134 643 1313 694; x_wconf 81' lang='lat' dir='ltr'><strong>tamen</strong></span> <span class='ocrx_word' id='word_1_28' title='bbox 1340 640 1630 709; x_wconf 76' lang='lat' dir='ltr'><strong>singularia</strong></span> <span class='ocrx_word' id='word_1_29' title='bbox 1656 640 1839 696; x_wconf 81' lang='lat' dir='ltr'><strong>babet:</strong></span> <span class='ocrx_word' id='word_1_30' title='bbox 1868 645 2030 710; x_wconf 85' lang='lat' dir='ltr'><strong>atque</strong></span> <span class='ocrx_word' id='word_1_31' title='bbox 2054 641 2194 696; x_wconf 85' lang='lat' dir='ltr'><strong>inter</strong></span> <span class='ocrx_word' id='word_1_32' title='bbox 2219 641 2344 711; x_wconf 68' lang='lat' dir='ltr'><strong>alia,</strong></span> <span class='ocrx_word' id='word_1_33' title='bbox 2370 641 2683 700; x_wconf 62' lang='lat' dir='ltr'><strong>liutbertu-</strong></span> 
     </span>
     <span class='ocr_line' id='line_1_5' title="bbox 454 726 2681 800; baseline 0.001 -14"><span class='ocrx_word' id='word_1_34' title='bbox 454 733 704 786; x_wconf 80' lang='lat' dir='ltr'><strong>comitem</strong></span> <span class='ocrx_word' id='word_1_35' title='bbox 747 728 923 785; x_wconf 83' lang='lat' dir='ltr'><strong>Caroli</strong></span> <span class='ocrx_word' id='word_1_36' title='bbox 965 727 1274 796; x_wconf 77' lang='lat' dir='ltr'><strong>signiferum</strong></span> <span class='ocrx_word' id='word_1_37' title='bbox 1317 726 1505 784; x_wconf 69' lang='lat' dir='ltr'><strong>fuisse.</strong></span> <span class='ocrx_word' id='word_1_38' title='bbox 1575 727 1726 800; x_wconf 84' lang='lat' dir='ltr'>Huic,</span> <span class='ocrx_word' id='word_1_39' title='bbox 1766 730 2017 784; x_wconf 79' lang='lat' dir='ltr'><strong>veniente</strong></span> <span class='ocrx_word' id='word_1_40' title='bbox 2058 727 2308 799; x_wconf 78' lang='lat' dir='ltr'><strong>lieberto,</strong></span> <span class='ocrx_word' id='word_1_41' title='bbox 2350 730 2681 788; x_wconf 69' lang='lat' dir='ltr'><strong>inclamasse</strong></span> 
     </span>
     <span class='ocr_line' id='line_1_6' title="bbox 453 815 2685 888; baseline 0 -12"><span class='ocrx_word' id='word_1_42' title='bbox 453 819 738 876; x_wconf 79' lang='lat' dir='ltr'><strong>Catulum:</strong></span> <span class='ocrx_word' id='word_1_43' title='bbox 765 819 922 888; x_wconf 79' lang='lat' dir='ltr'><strong>Cave,</strong></span> <span class='ocrx_word' id='word_1_44' title='bbox 935 815 1200 871; x_wconf 72' lang='lat' dir='ltr'><strong>Futberte.</strong></span> <span class='ocrx_word' id='word_1_45' title='bbox 1237 815 1555 888; x_wconf 81' lang='lat' dir='ltr'><strong>Fulbertum‚</strong></span> <span class='ocrx_word' id='word_1_46' title='bbox 1572 818 1745 873; x_wconf 80' lang='lat' dir='ltr'><strong>diviso</strong></span> <span class='ocrx_word' id='word_1_47' title='bbox 1763 832 1861 888; x_wconf 85' lang='lat' dir='ltr'><strong>per</strong></span> <span class='ocrx_word' id='word_1_48' title='bbox 1880 817 2108 872; x_wconf 85' lang='lat' dir='ltr'><strong>medium</strong></span> <span class='ocrx_word' id='word_1_49' title='bbox 2129 816 2369 887; x_wconf 88' lang='lat' dir='ltr'><strong>cerebro,</strong></span> <span class='ocrx_word' id='word_1_50' title='bbox 2388 817 2685 876; x_wconf 73' lang='lat' dir='ltr'><strong>liebertum</strong></span> 
     </span>
     <span class='ocr_line' id='line_1_7' title="bbox 455 904 2682 977; baseline 0.001 -14"><span class='ocrx_word' id='word_1_51' title='bbox 455 907 744 964; x_wconf 79' lang='lat' dir='ltr'><strong>occidisse.</strong></span> <span class='ocrx_word' id='word_1_52' title='bbox 805 904 935 961; x_wconf 83' lang='lat' dir='ltr'><strong>Inde</strong></span> <span class='ocrx_word' id='word_1_53' title='bbox 964 917 1250 974; x_wconf 83' lang='lat' dir='ltr'><strong>superesse</strong></span> <span class='ocrx_word' id='word_1_54' title='bbox 1279 905 1642 973; x_wconf 85' lang='lat' dir='ltr'><strong>proverbium:</strong></span> <span class='ocrx_word' id='word_1_55' title='bbox 1689 907 1844 977; x_wconf 77' lang='lat' dir='ltr'><strong>Cave,</strong></span> <span class='ocrx_word' id='word_1_56' title='bbox 1862 905 2127 961; x_wconf 67' lang='lat' dir='ltr'><strong>Fallet-te.</strong></span> <span class='ocrx_word' id='word_1_57' title='bbox 2188 905 2341 961; x_wconf 87' lang='lat' dir='ltr'><strong>Diem</strong></span> <span class='ocrx_word' id='word_1_58' title='bbox 2372 909 2567 976; x_wconf 86' lang='lat' dir='ltr'><strong>praelii</strong></span> <span class='ocrx_word' id='word_1_59' title='bbox 2600 910 2682 965; x_wconf 78' lang='lat'><strong>¹⁷.</strong></span> 
     </span>
     <span class='ocr_line' id='line_1_8' title="bbox 455 991 2685 1057; baseline -0 -3"><span class='ocrx_word' id='word_1_60' title='bbox 455 996 575 1055; x_wconf 75' lang='lat' dir='ltr'><strong>Kal.</strong></span> <span class='ocrx_word' id='word_1_61' title='bbox 592 995 696 1052; x_wconf 84' lang='lat' dir='ltr'><strong>Jul.</strong></span> <span class='ocrx_word' id='word_1_62' title='bbox 715 995 878 1052; x_wconf 87' lang='lat' dir='ltr'><strong>habet</strong></span> <span class='ocrx_word' id='word_1_63' title='bbox 905 992 1190 1047; x_wconf 74' lang='lat' dir='ltr'><strong>chronicon</strong></span> <span class='ocrx_word' id='word_1_64' title='bbox 1216 991 1380 1048; x_wconf 81' lang='lat' dir='ltr'><strong>breve</strong></span> <span class='ocrx_word' id='word_1_65' title='bbox 1409 1000 1555 1049; x_wconf 87' lang='lat' dir='ltr'><strong>tomo</strong></span> <span class='ocrx_word' id='word_1_66' title='bbox 1584 994 1680 1050; x_wconf 89' lang='lat'>111.</span> <span class='ocrx_word' id='word_1_67' title='bbox 1711 994 2034 1057; x_wconf 86' lang='lat' dir='ltr'><strong>Quercetani</strong></span> <span class='ocrx_word' id='word_1_68' title='bbox 2063 1006 2181 1047; x_wconf 90' lang='lat' dir='ltr'><strong>cum</strong></span> <span class='ocrx_word' id='word_1_69' title='bbox 2209 993 2350 1049; x_wconf 84' lang='lat' dir='ltr'><strong>aliis.</strong></span> <span class='ocrx_word' id='word_1_70' title='bbox 2396 994 2511 1051; x_wconf 84' lang='lat' dir='ltr'><strong>Sed</strong></span> <span class='ocrx_word' id='word_1_71' title='bbox 2538 997 2685 1054; x_wconf 75' lang='lat' dir='ltr'><strong>iden</strong></span> 
     </span>
     <span class='ocr_line' id='line_1_9' title="bbox 455 1079 2685 1155; baseline -0.002 -12"><span class='ocrx_word' id='word_1_72' title='bbox 455 1084 615 1143; x_wconf 80' lang='lat' dir='ltr'><strong>valdo</strong></span> <span class='ocrx_word' id='word_1_73' title='bbox 645 1084 858 1153; x_wconf 79' lang='lat' dir='ltr'><strong>fallitur,</strong></span> <span class='ocrx_word' id='word_1_74' title='bbox 886 1096 1004 1136; x_wconf 88' lang='lat' dir='ltr'><strong>cum</strong></span> <span class='ocrx_word' id='word_1_75' title='bbox 1022 1081 1303 1137; x_wconf 88' lang='lat' dir='ltr'><strong>Henricum</strong></span> <span class='ocrx_word' id='word_1_76' title='bbox 1325 1082 1592 1138; x_wconf 76' lang='lat' dir='ltr'><strong>Saxonum</strong></span> <span class='ocrx_word' id='word_1_77' title='bbox 1620 1095 1802 1151; x_wconf 80' lang='lat' dir='ltr'><strong>regem</strong></span> <span class='ocrx_word' id='word_1_78' title='bbox 1835 1080 2028 1136; x_wconf 85' lang='lat' dir='ltr'><strong>Carolo</strong></span> <span class='ocrx_word' id='word_1_79' title='bbox 2058 1079 2276 1137; x_wconf 78' lang='lat' dir='ltr'><strong>affuisse</strong></span> <span class='ocrx_word' id='word_1_80' title='bbox 2304 1082 2480 1139; x_wconf 84' lang='lat' dir='ltr'><strong>tradit.</strong></span> <span class='ocrx_word' id='word_1_81' title='bbox 2520 1084 2685 1155; x_wconf 76' lang='lat' dir='ltr'><strong>Sigo-</strong></span> 
     </span>
     <span class='ocr_line' id='line_1_10' title="bbox 454 1168 2687 1245; baseline 0 -15"><span class='ocrx_word' id='word_1_82' title='bbox 454 1173 658 1245; x_wconf 78' lang='lat' dir='ltr'><strong>bertus,</strong></span> <span class='ocrx_word' id='word_1_83' title='bbox 698 1170 1041 1228; x_wconf 77' lang='lat' dir='ltr'><strong>witikindum</strong></span> <span class='ocrx_word' id='word_1_84' title='bbox 1077 1168 1460 1241; x_wconf 72' lang='lat' dir='ltr'><strong>Corbejensem</strong></span> <span class='ocrx_word' id='word_1_85' title='bbox 1494 1175 1727 1240; x_wconf 83' lang='lat' dir='ltr'><strong>secutus,</strong></span> <span class='ocrx_word' id='word_1_86' title='bbox 1769 1174 1893 1239; x_wconf 90' lang='lat' dir='ltr'><strong>post</strong></span> <span class='ocrx_word' id='word_1_87' title='bbox 1918 1169 2370 1226; x_wconf 74' lang='lat' dir='ltr'><strong>suessionensem</strong></span> <span class='ocrx_word' id='word_1_88' title='bbox 2397 1174 2687 1231; x_wconf 78' lang='lat' dir='ltr'><strong>victoriam</strong></span> 
     </span>
     <span class='ocr_line' id='line_1_11' title="bbox 453 1258 2687 1333; baseline -0 -13"><span class='ocrx_word' id='word_1_89' title='bbox 453 1263 858 1330; x_wconf 65' lang='lat' dir='ltr'><strong>{leutici-opem</strong></span> <span class='ocrx_word' id='word_1_90' title='bbox 897 1259 1231 1329; x_wconf 73' lang='lat' dir='ltr'><strong>implorasse,</strong></span> <span class='ocrx_word' id='word_1_91' title='bbox 1275 1271 1447 1330; x_wconf 78' lang='lat' dir='ltr'><strong>seque</strong></span> <span class='ocrx_word' id='word_1_92' title='bbox 1480 1264 1538 1314; x_wconf 85' lang='lat' dir='ltr'><strong>et</strong></span> <span class='ocrx_word' id='word_1_93' title='bbox 1564 1258 1837 1313; x_wconf 83' lang='lat' dir='ltr'><strong>Franciam</strong></span> <span class='ocrx_word' id='word_1_94' title='bbox 1867 1261 1919 1315; x_wconf 90' lang='lat' dir='ltr'><strong>ei</strong></span> <span class='ocrx_word' id='word_1_95' title='bbox 1947 1258 2279 1329; x_wconf 71' lang='lat' dir='ltr'><strong>submisisse,</strong></span> <span class='ocrx_word' id='word_1_96' title='bbox 2318 1264 2374 1316; x_wconf 89' lang='lat' dir='ltr'><strong>et</strong></span> <span class='ocrx_word' id='word_1_97' title='bbox 2400 1262 2459 1316; x_wconf 89' lang='lat' dir='ltr'><strong>in</strong></span> <span class='ocrx_word' id='word_1_98' title='bbox 2485 1265 2687 1333; x_wconf 75' lang='lat' dir='ltr'><strong>pignus</strong></span> 
     </span>
     <span class='ocr_line' id='line_1_12' title="bbox 453 1345 2688 1421; baseline -0.001 -11"><span class='ocrx_word' id='word_1_99' title='bbox 453 1354 654 1410; x_wconf 69' lang='lat' dir='ltr'><strong>amoris</strong></span> <span class='ocrx_word' id='word_1_100' title='bbox 682 1349 1024 1419; x_wconf 76' lang='lat' dir='ltr'><strong>foederisque</strong></span> <span class='ocrx_word' id='word_1_101' title='bbox 1051 1349 1296 1421; x_wconf 86' lang='lat' dir='ltr'><strong>perpetui</strong></span> <span class='ocrx_word' id='word_1_102' title='bbox 1323 1361 1533 1403; x_wconf 86' lang='lat' dir='ltr'><strong>manum</strong></span> <span class='ocrx_word' id='word_1_103' title='bbox 1562 1349 1786 1416; x_wconf 80' lang='lat' dir='ltr'><strong>pretiosi</strong></span> <span class='ocrx_word' id='word_1_104' title='bbox 1814 1347 2058 1416; x_wconf 75' lang='lat' dir='ltr'><strong>martyris</strong></span> <span class='ocrx_word' id='word_1_105' title='bbox 2076 1345 2335 1418; x_wconf 76' lang='lat' dir='ltr'><strong>Dionysii,</strong></span> <span class='ocrx_word' id='word_1_106' title='bbox 2365 1364 2501 1405; x_wconf 84' lang='lat' dir='ltr'><strong>auro</strong></span> <span class='ocrx_word' id='word_1_107' title='bbox 2525 1366 2688 1420; x_wconf 72' lang='lat' dir='ltr'><strong>ge·-</strong></span> 
     </span>
     <span class='ocr_line' id='line_1_13' title="bbox 453 1435 2686 1511; baseline 0 -14"><span class='ocrx_word' id='word_1_108' title='bbox 453 1442 665 1511; x_wconf 80' lang='lat' dir='ltr'><strong>misque</strong></span> <span class='ocrx_word' id='word_1_109' title='bbox 703 1437 979 1508; x_wconf 81' lang='lat' dir='ltr'><strong>inclusam,</strong></span> <span class='ocrx_word' id='word_1_110' title='bbox 1022 1439 1238 1492; x_wconf 88' lang='lat' dir='ltr'><strong>misisse</strong></span> <span class='ocrx_word' id='word_1_111' title='bbox 1277 1435 1468 1506; x_wconf 84' lang='lat' dir='ltr'><strong>prodit.</strong></span> <span class='ocrx_word' id='word_1_112' title='bbox 1553 1435 1781 1492; x_wconf 83' lang='lat' dir='ltr'><strong>Caetera</strong></span> <span class='ocrx_word' id='word_1_113' title='bbox 1824 1438 2219 1505; x_wconf 66' lang='lat' dir='ltr'><strong>concesserim</strong></span> <span class='ocrx_word' id='word_1_114' title='bbox 2261 1436 2686 1497; x_wconf 72' lang='lat' dir='ltr'><strong>submissione-</strong></span> 
     </span>
     <span class='ocr_line' id='line_1_14' title="bbox 453 1521 2687 1595; baseline 0 -10"><span class='ocrx_word' id='word_1_115' title='bbox 453 1527 648 1585; x_wconf 69' lang='lat' dir='ltr'><strong>factam</strong></span> <span class='ocrx_word' id='word_1_116' title='bbox 666 1542 773 1584; x_wconf 89' lang='lat' dir='ltr'><strong>non</strong></span> <span class='ocrx_word' id='word_1_117' title='bbox 794 1526 971 1582; x_wconf 84' lang='lat' dir='ltr'><strong>credo.</strong></span> <span class='ocrx_word' id='word_1_118' title='bbox 1028 1523 1297 1581; x_wconf 77' lang='lat' dir='ltr'><strong>Gallorum</strong></span> <span class='ocrx_word' id='word_1_119' title='bbox 1326 1523 1592 1588; x_wconf 82' lang='lat' dir='ltr'><strong>chronica,</strong></span> <span class='ocrx_word' id='word_1_120' title='bbox 1620 1524 1718 1580; x_wconf 87' lang='lat' dir='ltr'><strong>sed</strong></span> <span class='ocrx_word' id='word_1_121' title='bbox 1749 1524 2005 1595; x_wconf 76' lang='lat' dir='ltr'><strong>pleraque</strong></span> <span class='ocrx_word' id='word_1_122' title='bbox 2033 1521 2226 1594; x_wconf 71' lang='lat' dir='ltr'><strong>omnia,</strong></span> <span class='ocrx_word' id='word_1_123' title='bbox 2256 1525 2303 1580; x_wconf 89' lang='lat' dir='ltr'><strong>si</strong></span> <span class='ocrx_word' id='word_1_124' title='bbox 2321 1524 2687 1586; x_wconf 82' lang='lat' dir='ltr'><strong>Frodoardum</strong></span> 
     </span>
     <span class='ocr_line' id='line_1_15' title="bbox 452 1611 2683 1688; baseline 0 -15"><span class='ocrx_word' id='word_1_125' title='bbox 452 1619 653 1688; x_wconf 86' lang='lat' dir='ltr'><strong>demas,</strong></span> <span class='ocrx_word' id='word_1_126' title='bbox 682 1631 714 1671; x_wconf 88' lang='lat' dir='ltr'><strong>a</strong></span> <span class='ocrx_word' id='word_1_127' title='bbox 734 1615 898 1671; x_wconf 85' lang='lat' dir='ltr'><strong>rebus</strong></span> <span class='ocrx_word' id='word_1_128' title='bbox 922 1616 1088 1683; x_wconf 83' lang='lat' dir='ltr'><strong>gestis</strong></span> <span class='ocrx_word' id='word_1_129' title='bbox 1111 1618 1333 1684; x_wconf 85' lang='lat' dir='ltr'><strong>remota,</strong></span> <span class='ocrx_word' id='word_1_130' title='bbox 1361 1615 1563 1684; x_wconf 82' lang='lat' dir='ltr'><strong>passim</strong></span> <span class='ocrx_word' id='word_1_131' title='bbox 1584 1627 1793 1670; x_wconf 87' lang='lat' dir='ltr'><strong>errores</strong></span> <span class='ocrx_word' id='word_1_132' title='bbox 1808 1615 2066 1668; x_wconf 68' lang='lat' dir='ltr'><strong>immanes</strong></span> <span class='ocrx_word' id='word_1_133' title='bbox 2087 1611 2342 1670; x_wconf 71' lang='lat' dir='ltr'><strong>historiae</strong></span> <span class='ocrx_word' id='word_1_134' title='bbox 2369 1621 2683 1686; x_wconf 78' lang='lat' dir='ltr'><strong>aspergunt.</strong></span> 
     </span>
     <span class='ocr_line' id='line_1_16' title="bbox 451 1701 2681 1771; baseline 0 -9"><span class='ocrx_word' id='word_1_135' title='bbox 451 1706 748 1763; x_wconf 78' lang='lat' dir='ltr'><strong>Ademarus</strong></span> <span class='ocrx_word' id='word_1_136' title='bbox 795 1710 852 1760; x_wconf 90' lang='lat' dir='ltr'><strong>et</strong></span> <span class='ocrx_word' id='word_1_137' title='bbox 896 1702 1184 1758; x_wconf 76' lang='lat' dir='ltr'><strong>chronicon</strong></span> <span class='ocrx_word' id='word_1_138' title='bbox 1231 1702 1286 1759; x_wconf 91' lang='lat' dir='ltr'><strong>S.</strong></span> <span class='ocrx_word' id='word_1_139' title='bbox 1330 1701 1585 1757; x_wconf 70' lang='lat' dir='ltr'><strong>Maxentii</strong></span> <span class='ocrx_word' id='word_1_140' title='bbox 1626 1717 1659 1757; x_wconf 84' lang='lat' dir='ltr'><strong>a</strong></span> <span class='ocrx_word' id='word_1_141' title='bbox 1699 1701 1914 1758; x_wconf 85' lang='lat' dir='ltr'><strong>Labbeo</strong></span> <span class='ocrx_word' id='word_1_142' title='bbox 1956 1702 2171 1770; x_wconf 85' lang='lat' dir='ltr'><strong>editum,</strong></span> <span class='ocrx_word' id='word_1_143' title='bbox 2218 1705 2273 1756; x_wconf 88' lang='lat' dir='ltr'><strong>et</strong></span> <span class='ocrx_word' id='word_1_144' title='bbox 2319 1701 2681 1771; x_wconf 71' lang='lat' dir='ltr'><strong>fragmentum</strong></span> 
     </span>
     <span class='ocr_line' id='line_1_17' title="bbox 449 1788 2685 1865; baseline -0 -14"><span class='ocrx_word' id='word_1_145' title='bbox 449 1791 710 1851; x_wconf 78' lang='lat' dir='ltr'><strong>historiae</strong></span> <span class='ocrx_word' id='word_1_146' title='bbox 735 1793 1087 1863; x_wconf 71' lang='lat' dir='ltr'><strong>Aquitanicae</strong></span> <span class='ocrx_word' id='word_1_147' title='bbox 1115 1795 1260 1848; x_wconf 75' lang='lat' dir='ltr'><strong>tomo</strong></span> <span class='ocrx_word' id='word_1_148' title='bbox 1286 1790 1355 1846; x_wconf 92' lang='lat'><strong>11.</strong></span> <span class='ocrx_word' id='word_1_149' title='bbox 1384 1789 1724 1861; x_wconf 84' lang='lat' dir='ltr'><strong>Quercetani,</strong></span> <span class='ocrx_word' id='word_1_150' title='bbox 1750 1795 1808 1846; x_wconf 89' lang='lat' dir='ltr'><strong>ot</strong></span> <span class='ocrx_word' id='word_1_151' title='bbox 1835 1796 1986 1847; x_wconf 87' lang='lat' dir='ltr'><strong>autor</strong></span> <span class='ocrx_word' id='word_1_152' title='bbox 2011 1792 2155 1846; x_wconf 76' lang='lat' dir='ltr'><strong>vitae</strong></span> <span class='ocrx_word' id='word_1_153' title='bbox 2181 1789 2237 1846; x_wconf 92' lang='lat' dir='ltr'><strong>S.</strong></span> <span class='ocrx_word' id='word_1_154' title='bbox 2264 1788 2490 1862; x_wconf 69' lang='lat' dir='ltr'><strong>Gemini,</strong></span> <span class='ocrx_word' id='word_1_155' title='bbox 2519 1808 2685 1865; x_wconf 82' lang='lat' dir='ltr'><strong>quem</strong></span> 
     </span>
     <span class='ocr_line' id='line_1_18' title="bbox 452 1877 2681 1951; baseline 0.001 -12"><span class='ocrx_word' id='word_1_156' title='bbox 452 1883 595 1940; x_wconf 84' lang='lat' dir='ltr'><strong>idem</strong></span> <span class='ocrx_word' id='word_1_157' title='bbox 624 1883 792 1939; x_wconf 81' lang='lat' dir='ltr'><strong>edidit</strong></span> <span class='ocrx_word' id='word_1_158' title='bbox 813 1881 1199 1951; x_wconf 83' lang='lat' dir='ltr'><strong>Quercetauus,</strong></span> <span class='ocrx_word' id='word_1_159' title='bbox 1230 1877 1442 1934; x_wconf 81' lang='lat' dir='ltr'><strong>ottonis</strong></span> <span class='ocrx_word' id='word_1_160' title='bbox 1472 1877 1648 1947; x_wconf 73' lang='lat' dir='ltr'><strong>Magni</strong></span> <span class='ocrx_word' id='word_1_161' title='bbox 1676 1879 1872 1935; x_wconf 82' lang='lat' dir='ltr'><strong>auxilio</strong></span> <span class='ocrx_word' id='word_1_162' title='bbox 1901 1878 2148 1935; x_wconf 83' lang='lat' dir='ltr'><strong>carolum</strong></span> <span class='ocrx_word' id='word_1_163' title='bbox 2174 1892 2326 1936; x_wconf 84' lang='lat' dir='ltr'><strong>usum</strong></span> <span class='ocrx_word' id='word_1_164' title='bbox 2353 1879 2681 1941; x_wconf 78' lang='lat' dir='ltr'><strong>fabulantur.</strong></span> 
     </span>
     <span class='ocr_line' id='line_1_19' title="bbox 450 1966 2683 2044; baseline -0 -16"><span class='ocrx_word' id='word_1_165' title='bbox 450 1971 519 2028; x_wconf 83' lang='lat' dir='ltr'><strong>Hi</strong></span> <span class='ocrx_word' id='word_1_166' title='bbox 538 1970 650 2027; x_wconf 89' lang='lat' dir='ltr'><strong>bini</strong></span> <span class='ocrx_word' id='word_1_167' title='bbox 668 1975 959 2041; x_wconf 79' lang='lat' dir='ltr'><strong>scriptores</strong></span> <span class='ocrx_word' id='word_1_168' title='bbox 989 1983 1109 2026; x_wconf 89' lang='lat' dir='ltr'><strong>cum</strong></span> <span class='ocrx_word' id='word_1_169' title='bbox 1125 1968 1391 2024; x_wconf 80' lang='lat' dir='ltr'><strong>Ademaro</strong></span> <span class='ocrx_word' id='word_1_170' title='bbox 1420 1971 1579 2024; x_wconf 89' lang='lat' dir='ltr'><strong>etiam</strong></span> <span class='ocrx_word' id='word_1_171' title='bbox 1609 1967 1823 2040; x_wconf 85' lang='lat' dir='ltr'><strong>addunt,</strong></span> <span class='ocrx_word' id='word_1_172' title='bbox 1861 1966 2106 2024; x_wconf 85' lang='lat' dir='ltr'><strong>Catulum</strong></span> <span class='ocrx_word' id='word_1_173' title='bbox 2130 1969 2387 2025; x_wconf 80' lang='lat' dir='ltr'><strong>victorem</strong></span> <span class='ocrx_word' id='word_1_174' title='bbox 2407 1972 2683 2044; x_wconf 79' lang='lat' dir='ltr'><strong>extitisse,</strong></span> 
     </span>
     <span class='ocr_line' id='line_1_20' title="bbox 450 2058 1743 2128; baseline -0.002 -11"><span class='ocrx_word' id='word_1_175' title='bbox 450 2065 509 2118; x_wconf 87' lang='lat' dir='ltr'><strong>et</strong></span> <span class='ocrx_word' id='word_1_176' title='bbox 535 2062 704 2117; x_wconf 81' lang='lat' dir='ltr'><strong>occisi</strong></span> <span class='ocrx_word' id='word_1_177' title='bbox 733 2060 842 2115; x_wconf 79' lang='lat' dir='ltr'><strong>tilio</strong></span> <span class='ocrx_word' id='word_1_178' title='bbox 871 2059 1082 2128; x_wconf 79' lang='lat' dir='ltr'><strong>Hugoni</strong></span> <span class='ocrx_word' id='word_1_179' title='bbox 1110 2058 1356 2114; x_wconf 85' lang='lat' dir='ltr'><strong>ducatum</strong></span> <span class='ocrx_word' id='word_1_180' title='bbox 1384 2058 1743 2114; x_wconf 78' lang='lat' dir='ltr'><strong>concessisse.</strong></span> 
     </span>
    </p>

    <p class='ocr_par' dir='ltr' id='par_1_3' title="bbox 446 2144 2681 3105">
     <span class='ocr_line' id='line_1_21' title="bbox 594 2144 2681 2221; baseline 0 -16"><span class='ocrx_word' id='word_1_181' title='bbox 594 2152 647 2206; x_wconf 84' lang='grc'><strong>7.</strong></span> <span class='ocrx_word' id='word_1_182' title='bbox 719 2149 937 2205; x_wconf 71' lang='lat' dir='ltr'><strong>liuberti</strong></span> <span class='ocrx_word' id='word_1_183' title='bbox 978 2152 1082 2202; x_wconf 86' lang='lat' dir='ltr'><strong>tam</strong></span> <span class='ocrx_word' id='word_1_184' title='bbox 1126 2145 1277 2201; x_wconf 85' lang='lat' dir='ltr'><strong>brevi</strong></span> <span class='ocrx_word' id='word_1_185' title='bbox 1316 2147 1369 2200; x_wconf 88' lang='lat' dir='ltr'><strong>iu</strong></span> <span class='ocrx_word' id='word_1_186' title='bbox 1409 2160 1577 2215; x_wconf 77' lang='lat' dir='ltr'><strong>regno</strong></span> <span class='ocrx_word' id='word_1_187' title='bbox 1620 2160 1737 2201; x_wconf 88' lang='lat' dir='ltr'><strong>rara</strong></span> <span class='ocrx_word' id='word_1_188' title='bbox 1778 2152 1903 2203; x_wconf 89' lang='lat' dir='ltr'><strong>sunt</strong></span> <span class='ocrx_word' id='word_1_189' title='bbox 1939 2144 2243 2218; x_wconf 72' lang='lat' dir='ltr'><strong>diplomata.</strong></span> <span class='ocrx_word' id='word_1_190' title='bbox 2313 2144 2501 2221; x_wconf 88' lang='lat' dir='ltr'><strong>Unum,</strong></span> <span class='ocrx_word' id='word_1_191' title='bbox 2528 2149 2681 2219; x_wconf 83' lang='lat' dir='ltr'><strong>quod</strong></span> 
     </span>
     <span class='ocr_line' id='line_1_22' title="bbox 448 2234 2681 2307; baseline 0 -13"><span class='ocrx_word' id='word_1_192' title='bbox 448 2235 770 2294; x_wconf 86' lang='lat' dir='ltr'><strong>Doubletius</strong></span> <span class='ocrx_word' id='word_1_193' title='bbox 804 2236 985 2307; x_wconf 88' lang='lat' dir='ltr'><strong>edidit,</strong></span> <span class='ocrx_word' id='word_1_194' title='bbox 1019 2236 1103 2291; x_wconf 88' lang='grc'><strong>25.</strong></span> <span class='ocrx_word' id='word_1_195' title='bbox 1130 2234 1342 2289; x_wconf 80' lang='lat' dir='ltr'><strong>Januar.</strong></span> <span class='ocrx_word' id='word_1_196' title='bbox 1370 2247 1511 2288; x_wconf 88' lang='lat' dir='ltr'><strong>anno</strong></span> <span class='ocrx_word' id='word_1_197' title='bbox 1539 2235 1687 2303; x_wconf 74' lang='lat' dir='ltr'><strong>regni</strong></span> <span class='ocrx_word' id='word_1_198' title='bbox 1727 2237 1897 2303; x_wconf 90' lang='lat' dir='ltr'><strong>primo</strong></span> <span class='ocrx_word' id='word_1_199' title='bbox 1925 2234 2108 2291; x_wconf 88' lang='lat' dir='ltr'><strong>indict.</strong></span> <span class='ocrx_word' id='word_1_200' title='bbox 2140 2237 2225 2292; x_wconf 86' lang='lat'><strong>11.</strong></span> <span class='ocrx_word' id='word_1_201' title='bbox 2253 2235 2505 2293; x_wconf 85' lang='lat' dir='ltr'><strong>abbatiae</strong></span> <span class='ocrx_word' id='word_1_202' title='bbox 2531 2238 2681 2295; x_wconf 89' lang='lat' dir='ltr'><strong>San-</strong></span> 
     </span>
     <span class='ocr_line' id='line_1_23' title="bbox 452 2319 2679 2396; baseline 0 -15"><span class='ocrx_word' id='word_1_203' title='bbox 452 2324 797 2396; x_wconf 76' lang='lat' dir='ltr'><strong>dionysianae</strong></span> <span class='ocrx_word' id='word_1_204' title='bbox 838 2324 1036 2396; x_wconf 77' lang='lat' dir='ltr'><strong>datum,</strong></span> <span class='ocrx_word' id='word_1_205' title='bbox 1077 2321 1323 2377; x_wconf 84' lang='lat' dir='ltr'><strong>Labbeus</strong></span> <span class='ocrx_word' id='word_1_206' title='bbox 1357 2319 1432 2391; x_wconf 15' lang='lat' dir='ltr'><strong>*ad</strong></span> <span class='ocrx_word' id='word_1_207' title='bbox 1472 2320 1612 2376; x_wconf 90' lang='lat' dir='ltr'><strong>hunc</strong></span> <span class='ocrx_word' id='word_1_208' title='bbox 1655 2321 1941 2378; x_wconf 77' lang='lat' dir='ltr'><strong>nobertum</strong></span> <span class='ocrx_word' id='word_1_209' title='bbox 1982 2322 2165 2379; x_wconf 75' lang='lat' dir='ltr'><strong>reffert.</strong></span> <span class='ocrx_word' id='word_1_210' title='bbox 2238 2323 2305 2379; x_wconf 87' lang='lat' dir='ltr'><strong>Et</strong></span> <span class='ocrx_word' id='word_1_211' title='bbox 2332 2323 2523 2396; x_wconf 74' lang='lat' dir='ltr'><strong>fateor,</strong></span> <span class='ocrx_word' id='word_1_212' title='bbox 2554 2340 2679 2382; x_wconf 77' lang='lat' dir='ltr'><strong>cun</strong></span> 
     </span>
     <span class='ocr_line' id='line_1_24' title="bbox 450 2410 2681 2485; baseline 0.001 -18"><span class='ocrx_word' id='word_1_213' title='bbox 450 2414 628 2468; x_wconf 83' lang='lat' dir='ltr'><strong>omnia</strong></span> <span class='ocrx_word' id='word_1_214' title='bbox 668 2410 1046 2483; x_wconf 87' lang='lat' dir='ltr'><strong>propemodum</strong></span> <span class='ocrx_word' id='word_1_215' title='bbox 1075 2415 1131 2465; x_wconf 92' lang='lat' dir='ltr'><strong>et</strong></span> <span class='ocrx_word' id='word_1_216' title='bbox 1156 2414 1211 2465; x_wconf 91' lang='lat' dir='ltr'><strong>in</strong></span> <span class='ocrx_word' id='word_1_217' title='bbox 1248 2413 1599 2481; x_wconf 81' lang='lat' dir='ltr'><strong>posteriorem</strong></span> <span class='ocrx_word' id='word_1_218' title='bbox 1628 2410 1869 2480; x_wconf 79' lang='lat' dir='ltr'><strong>Hngonis</strong></span> <span class='ocrx_word' id='word_1_219' title='bbox 1899 2410 2088 2483; x_wconf 86' lang='lat' dir='ltr'><strong>Capeti</strong></span> <span class='ocrx_word' id='word_1_220' title='bbox 2119 2411 2283 2468; x_wconf 83' lang='lat' dir='ltr'><strong>filium</strong></span> <span class='ocrx_word' id='word_1_221' title='bbox 2310 2412 2509 2468; x_wconf 89' lang='lat' dir='ltr'><strong>cadere</strong></span> <span class='ocrx_word' id='word_1_222' title='bbox 2535 2428 2681 2485; x_wconf 88' lang='lat' dir='ltr'><strong>pos-</strong></span> 
     </span>
     <span class='ocr_line' id='line_1_25' title="bbox 448 2499 2680 2572; baseline 0.001 -14"><span class='ocrx_word' id='word_1_223' title='bbox 448 2502 572 2572; x_wconf 86' lang='lat' dir='ltr'><strong>sint,</strong></span> <span class='ocrx_word' id='word_1_224' title='bbox 600 2499 723 2556; x_wconf 87' lang='lat' dir='ltr'><strong>huic</strong></span> <span class='ocrx_word' id='word_1_225' title='bbox 750 2504 928 2556; x_wconf 85' lang='lat' dir='ltr'><strong>tamen</strong></span> <span class='ocrx_word' id='word_1_226' title='bbox 955 2502 1123 2570; x_wconf 79' lang='lat' dir='ltr'><strong>magis</strong></span> <span class='ocrx_word' id='word_1_227' title='bbox 1152 2502 1457 2558; x_wconf 86' lang='lat' dir='ltr'><strong>convenire.</strong></span> <span class='ocrx_word' id='word_1_228' title='bbox 1505 2500 1637 2556; x_wconf 77' lang='lat' dir='ltr'><strong>Nam</strong></span> <span class='ocrx_word' id='word_1_229' title='bbox 1668 2504 1773 2555; x_wconf 82' lang='lat' dir='ltr'><strong>etsi</strong></span> <span class='ocrx_word' id='word_1_230' title='bbox 1797 2500 1848 2555; x_wconf 84' lang='lat'><strong>8.</strong></span> <span class='ocrx_word' id='word_1_231' title='bbox 1868 2500 1984 2556; x_wconf 81' lang='lat' dir='ltr'><strong>Kal.</strong></span> <span class='ocrx_word' id='word_1_232' title='bbox 2005 2499 2155 2557; x_wconf 83' lang='lat' dir='ltr'><strong>Febr.</strong></span> <span class='ocrx_word' id='word_1_233' title='bbox 2181 2501 2360 2557; x_wconf 87' lang='lat' dir='ltr'><strong>indict.</strong></span> <span class='ocrx_word' id='word_1_234' title='bbox 2389 2501 2680 2561; x_wconf 82' lang='lat' dir='ltr'><strong>undecima</strong></span> 
     </span>
     <span class='ocr_line' id='line_1_26' title="bbox 449 2587 2678 2661; baseline 0.001 -14"><span class='ocrx_word' id='word_1_235' title='bbox 449 2592 505 2647; x_wconf 82' lang='lat' dir='ltr'><strong>in</strong></span> <span class='ocrx_word' id='word_1_236' title='bbox 533 2604 727 2646; x_wconf 86' lang='lat' dir='ltr'><strong>annum</strong></span> <span class='ocrx_word' id='word_1_237' title='bbox 755 2591 978 2660; x_wconf 88' lang='lat' dir='ltr'><strong>primum</strong></span> <span class='ocrx_word' id='word_1_238' title='bbox 1013 2592 1286 2658; x_wconf 80' lang='lat' dir='ltr'><strong>utriusque</strong></span> <span class='ocrx_word' id='word_1_239' title='bbox 1318 2587 1537 2645; x_wconf 68' lang='lat' dir='ltr'><strong>liuberti</strong></span> <span class='ocrx_word' id='word_1_240' title='bbox 1569 2590 1785 2661; x_wconf 87' lang='lat' dir='ltr'><strong>incidat,</strong></span> <span class='ocrx_word' id='word_1_241' title='bbox 1827 2592 1883 2646; x_wconf 89' lang='lat' dir='ltr'><strong>et</strong></span> <span class='ocrx_word' id='word_1_242' title='bbox 1907 2591 2176 2660; x_wconf 86' lang='lat' dir='ltr'><strong>posterior</strong></span> <span class='ocrx_word' id='word_1_243' title='bbox 2204 2591 2362 2645; x_wconf 85' lang='lat' dir='ltr'><strong>etiam</strong></span> <span class='ocrx_word' id='word_1_244' title='bbox 2389 2589 2678 2650; x_wconf 76' lang='lat' dir='ltr'><strong>Abbonon</strong></span> 
     </span>
     <span class='ocr_line' id='line_1_27' title="bbox 449 2677 2677 2751; baseline 0 -14"><span class='ocrx_word' id='word_1_245' title='bbox 449 2679 976 2738; x_wconf 78' lang='lat' dir='ltr'><strong>archicancellarium</strong></span> <span class='ocrx_word' id='word_1_246' title='bbox 1020 2677 1276 2734; x_wconf 84' lang='lat' dir='ltr'><strong>habuisse</strong></span> <span class='ocrx_word' id='word_1_247' title='bbox 1321 2679 1428 2734; x_wconf 90' lang='lat' dir='ltr'><strong>dici</strong></span> <span class='ocrx_word' id='word_1_248' title='bbox 1472 2681 1673 2751; x_wconf 88' lang='lat' dir='ltr'><strong>possit;</strong></span> <span class='ocrx_word' id='word_1_249' title='bbox 1732 2681 1917 2734; x_wconf 89' lang='lat' dir='ltr'><strong>nescio</strong></span> <span class='ocrx_word' id='word_1_250' title='bbox 1960 2683 2153 2747; x_wconf 63' lang='lat' dir='ltr'><strong>umen,</strong></span> <span class='ocrx_word' id='word_1_251' title='bbox 2198 2691 2266 2733; x_wconf 89' lang='lat' dir='ltr'><strong>an</strong></span> <span class='ocrx_word' id='word_1_252' title='bbox 2297 2681 2351 2733; x_wconf 85' lang='lat' dir='ltr'><strong>et</strong></span> <span class='ocrx_word' id='word_1_253' title='bbox 2382 2681 2677 2748; x_wconf 84' lang='lat' dir='ltr'><strong>posteriori</strong></span> 
     </span>
     <span class='ocr_line' id='line_1_28' title="bbox 448 2766 2677 2838; baseline 0.001 -14"><span class='ocrx_word' id='word_1_254' title='bbox 448 2768 613 2826; x_wconf 80' lang='lat' dir='ltr'><strong>fuerit</strong></span> <span class='ocrx_word' id='word_1_255' title='bbox 651 2766 808 2825; x_wconf 89' lang='lat' dir='ltr'><strong>simul</strong></span> <span class='ocrx_word' id='word_1_256' title='bbox 843 2770 1082 2824; x_wconf 81' lang='lat' dir='ltr'><strong>notarius</strong></span> <span class='ocrx_word' id='word_1_257' title='bbox 1109 2766 1449 2837; x_wconf 81' lang='lat' dir='ltr'><strong>Reginaldus,</strong></span> <span class='ocrx_word' id='word_1_258' title='bbox 1490 2770 1580 2838; x_wconf 79' lang='lat' dir='ltr'><strong>qui</strong></span> <span class='ocrx_word' id='word_1_259' title='bbox 1608 2770 1664 2823; x_wconf 89' lang='lat' dir='ltr'><strong>in</strong></span> <span class='ocrx_word' id='word_1_260' title='bbox 1690 2766 1977 2837; x_wconf 89' lang='lat' dir='ltr'><strong>diplomate</strong></span> <span class='ocrx_word' id='word_1_261' title='bbox 2006 2766 2223 2822; x_wconf 87' lang='lat' dir='ltr'><strong>Roberti</strong></span> <span class='ocrx_word' id='word_1_262' title='bbox 2251 2768 2448 2837; x_wconf 87' lang='lat' dir='ltr'><strong>pariter</strong></span> <span class='ocrx_word' id='word_1_263' title='bbox 2475 2770 2677 2838; x_wconf 82' lang='lat' dir='ltr'><strong>prioris</strong></span> 
     </span>
     <span class='ocr_line' id='line_1_29' title="bbox 451 2854 2674 2931; baseline -0.002 -15"><span class='ocrx_word' id='word_1_264' title='bbox 451 2863 509 2916; x_wconf 84' lang='lat' dir='ltr'><strong>et</strong></span> <span class='ocrx_word' id='word_1_265' title='bbox 548 2858 885 2915; x_wconf 82' lang='lat' dir='ltr'><strong>successoris</strong></span> <span class='ocrx_word' id='word_1_266' title='bbox 923 2856 1131 2913; x_wconf 81' lang='lat' dir='ltr'><strong>Rodnlfi</strong></span> <span class='ocrx_word' id='word_1_267' title='bbox 1171 2860 1294 2913; x_wconf 82' lang='lat' dir='ltr'><strong>vice</strong></span> <span class='ocrx_word' id='word_1_268' title='bbox 1320 2856 1562 2912; x_wconf 80' lang='lat' dir='ltr'><strong>Abbonis</strong></span> <span class='ocrx_word' id='word_1_269' title='bbox 1604 2858 1916 2927; x_wconf 88' lang='lat' dir='ltr'><strong>scripturam</strong></span> <span class='ocrx_word' id='word_1_270' title='bbox 1954 2857 2282 2924; x_wconf 77' lang='lat' dir='ltr'><strong>recognovit.</strong></span> <span class='ocrx_word' id='word_1_271' title='bbox 2364 2854 2674 2931; x_wconf 79' lang='lat' dir='ltr'><strong>Praeterea,</strong></span> 
     </span>
     <span class='ocr_line' id='line_1_30' title="bbox 450 2944 2675 3022; baseline 0 -18"><span class='ocrx_word' id='word_1_272' title='bbox 450 2960 591 3019; x_wconf 81' lang='lat' dir='ltr'><strong>quae</strong></span> <span class='ocrx_word' id='word_1_273' title='bbox 630 2949 1109 3015; x_wconf 72' lang='lat' dir='ltr'><strong>Sandionysianum</strong></span> <span class='ocrx_word' id='word_1_274' title='bbox 1147 2944 1252 3000; x_wconf 82' lang='lat' dir='ltr'><strong>hoc</strong></span> <span class='ocrx_word' id='word_1_275' title='bbox 1291 2945 1527 3016; x_wconf 82' lang='lat' dir='ltr'><strong>diploma</strong></span> <span class='ocrx_word' id='word_1_276' title='bbox 1566 2946 1633 3000; x_wconf 90' lang='lat' dir='ltr'><strong>de</strong></span> <span class='ocrx_word' id='word_1_277' title='bbox 1671 2944 1918 3001; x_wconf 83' lang='lat' dir='ltr'><strong>hostibus</strong></span> <span class='ocrx_word' id='word_1_278' title='bbox 1960 2948 2015 3000; x_wconf 88' lang='lat' dir='ltr'><strong>et</strong></span> <span class='ocrx_word' id='word_1_279' title='bbox 2052 2956 2154 3015; x_wconf 84' lang='lat' dir='ltr'><strong>spe</strong></span> <span class='ocrx_word' id='word_1_280' title='bbox 2192 2946 2453 3000; x_wconf 81' lang='lat' dir='ltr'><strong>victoriae</strong></span> <span class='ocrx_word' id='word_1_281' title='bbox 2491 2944 2675 3022; x_wconf 88' lang='lat' dir='ltr'><strong>habet,</strong></span> 
     </span>
     <span class='ocr_line' id='line_1_31' title="bbox 446 3031 1917 3105; baseline -0.002 -12"><span class='ocrx_word' id='word_1_282' title='bbox 446 3040 638 3094; x_wconf 85' lang='lat' dir='ltr'><strong>nescio</strong></span> <span class='ocrx_word' id='word_1_283' title='bbox 666 3051 733 3091; x_wconf 89' lang='lat' dir='ltr'><strong>an</strong></span> <span class='ocrx_word' id='word_1_284' title='bbox 762 3048 795 3090; x_wconf 89' lang='lat' dir='ltr'><strong>a</strong></span> <span class='ocrx_word' id='word_1_285' title='bbox 819 3038 1121 3105; x_wconf 86' lang='lat' dir='ltr'><strong>posteriore</strong></span> <span class='ocrx_word' id='word_1_286' title='bbox 1147 3031 1379 3089; x_wconf 84' lang='lat' dir='ltr'><strong>Roberto</strong></span> <span class='ocrx_word' id='word_1_287' title='bbox 1410 3040 1534 3104; x_wconf 86' lang='lat' dir='ltr'><strong>apte</strong></span> <span class='ocrx_word' id='word_1_288' title='bbox 1561 3034 1666 3088; x_wconf 85' lang='lat' dir='ltr'><strong>dici</strong></span> <span class='ocrx_word' id='word_1_289' title='bbox 1692 3037 1917 3103; x_wconf 85' lang='lat' dir='ltr'><strong>possint.</strong></span> 
     </span>
    </p>

    <p class='ocr_par' dir='ltr' id='par_1_4' title="bbox 446 3120 2674 4523">
     <span class='ocr_line' id='line_1_32' title="bbox 587 3120 2674 3193; baseline 0.001 -15"><span class='ocrx_word' id='word_1_290' title='bbox 587 3124 643 3179; x_wconf 84' lang='lat'><strong>8.</strong></span> <span class='ocrx_word' id='word_1_291' title='bbox 716 3122 848 3177; x_wconf 71' lang='lat' dir='ltr'><strong>Mira</strong></span> <span class='ocrx_word' id='word_1_292' title='bbox 875 3122 963 3176; x_wconf 90' lang='lat' dir='ltr'><strong>hic</strong></span> <span class='ocrx_word' id='word_1_293' title='bbox 990 3123 1227 3177; x_wconf 79' lang='lat' dir='ltr'><strong>nascitur</strong></span> <span class='ocrx_word' id='word_1_294' title='bbox 1252 3120 1581 3193; x_wconf 81' lang='lat' dir='ltr'><strong>perplexitas</strong></span> <span class='ocrx_word' id='word_1_295' title='bbox 1611 3124 1666 3177; x_wconf 89' lang='lat' dir='ltr'><strong>in</strong></span> <span class='ocrx_word' id='word_1_296' title='bbox 1693 3121 1910 3177; x_wconf 85' lang='lat' dir='ltr'><strong>Roberti</strong></span> <span class='ocrx_word' id='word_1_297' title='bbox 1937 3123 2097 3193; x_wconf 79' lang='lat' dir='ltr'><strong>regis,</strong></span> <span class='ocrx_word' id='word_1_298' title='bbox 2137 3120 2359 3186; x_wconf 70' lang='lat' dir='ltr'><strong>liudolfi,</strong></span> <span class='ocrx_word' id='word_1_299' title='bbox 2387 3124 2507 3191; x_wconf 80' lang='lat' dir='ltr'><strong>ejus</strong></span> <span class='ocrx_word' id='word_1_300' title='bbox 2537 3138 2674 3181; x_wconf 84' lang='lat' dir='ltr'><strong>suc-</strong></span> 
     </span>
     <span class='ocr_line' id='line_1_33' title="bbox 449 3209 2674 3281; baseline 0 -13"><span class='ocrx_word' id='word_1_301' title='bbox 449 3212 703 3281; x_wconf 85' lang='lat' dir='ltr'><strong>cessoris,</strong></span> <span class='ocrx_word' id='word_1_302' title='bbox 733 3215 787 3265; x_wconf 91' lang='lat' dir='ltr'><strong>et</strong></span> <span class='ocrx_word' id='word_1_303' title='bbox 816 3209 1086 3266; x_wconf 85' lang='lat' dir='ltr'><strong>Heriberti</strong></span> <span class='ocrx_word' id='word_1_304' title='bbox 1107 3210 1463 3265; x_wconf 74' lang='lat' dir='ltr'><strong>veromandui</strong></span> <span class='ocrx_word' id='word_1_305' title='bbox 1490 3210 1970 3280; x_wconf 83' lang='lat' dir='ltr'><strong>propinquitatibus</strong></span> <span class='ocrx_word' id='word_1_306' title='bbox 1999 3225 2095 3281; x_wconf 89' lang='lat' dir='ltr'><strong>per</strong></span> <span class='ocrx_word' id='word_1_307' title='bbox 2122 3211 2370 3280; x_wconf 82' lang='lat' dir='ltr'><strong>conjugia</strong></span> <span class='ocrx_word' id='word_1_308' title='bbox 2397 3212 2674 3274; x_wconf 78' lang='lat' dir='ltr'><strong>involutis.</strong></span> 
     </span>
     <span class='ocr_line' id='line_1_34' title="bbox 446 3297 2669 3371; baseline 0.001 -14"><span class='ocrx_word' id='word_1_309' title='bbox 446 3298 708 3358; x_wconf 74' lang='lat' dir='ltr'><strong>liudolfus</strong></span> <span class='ocrx_word' id='word_1_310' title='bbox 735 3311 832 3354; x_wconf 87' lang='lat' dir='ltr'><strong>rex</strong></span> <span class='ocrx_word' id='word_1_311' title='bbox 856 3297 1108 3368; x_wconf 83' lang='lat' dir='ltr'><strong>Emmam,</strong></span> <span class='ocrx_word' id='word_1_312' title='bbox 1138 3298 1356 3354; x_wconf 83' lang='lat' dir='ltr'><strong>Roberti</strong></span> <span class='ocrx_word' id='word_1_313' title='bbox 1384 3301 1526 3367; x_wconf 76' lang='lat' dir='ltr'><strong>regis</strong></span> <span class='ocrx_word' id='word_1_314' title='bbox 1557 3299 1731 3369; x_wconf 80' lang='lat' dir='ltr'><strong>filiam,</strong></span> <span class='ocrx_word' id='word_1_315' title='bbox 1759 3303 1814 3354; x_wconf 89' lang='lat' dir='ltr'><strong>in</strong></span> <span class='ocrx_word' id='word_1_316' title='bbox 1844 3300 2177 3355; x_wconf 86' lang='lat' dir='ltr'><strong>matrimonio</strong></span> <span class='ocrx_word' id='word_1_317' title='bbox 2206 3298 2406 3370; x_wconf 88' lang='lat' dir='ltr'><strong>habuit,</strong></span> <span class='ocrx_word' id='word_1_318' title='bbox 2427 3300 2669 3371; x_wconf 72' lang='lat' dir='ltr'><strong>Hugonis</strong></span> 
     </span>
     <span class='ocr_line' id='line_1_35' title="bbox 447 3385 2672 3462; baseline 0 -17"><span class='ocrx_word' id='word_1_319' title='bbox 447 3388 626 3459; x_wconf 66' lang='lat' dir='ltr'><strong>Magni</strong></span> <span class='ocrx_word' id='word_1_320' title='bbox 667 3399 921 3456; x_wconf 86' lang='lat' dir='ltr'><strong>sororem,</strong></span> <span class='ocrx_word' id='word_1_321' title='bbox 963 3390 1037 3442; x_wconf 85' lang='lat' dir='ltr'><strong>ita</strong></span> <span class='ocrx_word' id='word_1_322' title='bbox 1078 3388 1278 3443; x_wconf 82' lang='lat' dir='ltr'><strong>diserte</strong></span> <span class='ocrx_word' id='word_1_323' title='bbox 1308 3386 1503 3444; x_wconf 88' lang='lat' dir='ltr'><strong>Glaber</strong></span> <span class='ocrx_word' id='word_1_324' title='bbox 1532 3385 1805 3443; x_wconf 71' lang='lat' dir='ltr'><strong>liudolfus.</strong></span> <span class='ocrx_word' id='word_1_325' title='bbox 1878 3386 1958 3442; x_wconf 87' lang='lat' dir='ltr'><strong>lta</strong></span> <span class='ocrx_word' id='word_1_326' title='bbox 1986 3388 2147 3443; x_wconf 88' lang='lat' dir='ltr'><strong>etiam</strong></span> <span class='ocrx_word' id='word_1_327' title='bbox 2174 3388 2523 3459; x_wconf 87' lang='lat' dir='ltr'><strong>repertorium</strong></span> <span class='ocrx_word' id='word_1_328' title='bbox 2552 3394 2672 3462; x_wconf 90' lang='lat' dir='ltr'><strong>pri-</strong></span> 
     </span>
     <span class='ocr_line' id='line_1_36' title="bbox 446 3475 2669 3549; baseline 0.001 -15"><span class='ocrx_word' id='word_1_329' title='bbox 446 3479 764 3549; x_wconf 78' lang='lat' dir='ltr'><strong>vilegiorum</strong></span> <span class='ocrx_word' id='word_1_330' title='bbox 793 3475 848 3531; x_wconf 89' lang='lat' dir='ltr'><strong>S.</strong></span> <span class='ocrx_word' id='word_1_331' title='bbox 867 3476 1077 3531; x_wconf 74' lang='lat' dir='ltr'><strong>Martini</strong></span> <span class='ocrx_word' id='word_1_332' title='bbox 1097 3476 1438 3546; x_wconf 83' lang='lat' dir='ltr'><strong>Turonensis,</strong></span> <span class='ocrx_word' id='word_1_333' title='bbox 1466 3476 1557 3530; x_wconf 90' lang='lat' dir='ltr'><strong>ubi</strong></span> <span class='ocrx_word' id='word_1_334' title='bbox 1585 3476 1776 3531; x_wconf 88' lang='lat' dir='ltr'><strong>dicitur</strong></span> <span class='ocrx_word' id='word_1_335' title='bbox 1802 3475 1992 3531; x_wconf 80' lang='lat' dir='ltr'><strong>Perulfl</strong></span> <span class='ocrx_word' id='word_1_336' title='bbox 2019 3476 2203 3533; x_wconf 82' lang='lat' dir='ltr'><strong>villam</strong></span> <span class='ocrx_word' id='word_1_337' title='bbox 2231 3491 2351 3533; x_wconf 93' lang='lat' dir='ltr'><strong>cum</strong></span> <span class='ocrx_word' id='word_1_338' title='bbox 2378 3475 2501 3533; x_wconf 85' lang='lat' dir='ltr'><strong>aliis</strong></span> <span class='ocrx_word' id='word_1_339' title='bbox 2530 3478 2669 3536; x_wconf 86' lang='lat' dir='ltr'><strong>locis</strong></span> 
     </span>
     <span class='ocr_line' id='line_1_37' title="bbox 450 3563 2669 3638; baseline 0 -15"><span class='ocrx_word' id='word_1_340' title='bbox 450 3567 517 3623; x_wconf 88' lang='lat' dir='ltr'><strong>ad</strong></span> <span class='ocrx_word' id='word_1_341' title='bbox 556 3570 719 3624; x_wconf 81' lang='lat' dir='ltr'><strong>vitam</strong></span> <span class='ocrx_word' id='word_1_342' title='bbox 763 3567 1008 3638; x_wconf 88' lang='lat' dir='ltr'><strong>precario</strong></span> <span class='ocrx_word' id='word_1_343' title='bbox 1048 3578 1198 3620; x_wconf 88' lang='lat' dir='ltr'><strong>more</strong></span> <span class='ocrx_word' id='word_1_344' title='bbox 1237 3564 1414 3620; x_wconf 87' lang='lat' dir='ltr'><strong>datam</strong></span> <span class='ocrx_word' id='word_1_345' title='bbox 1452 3563 1651 3619; x_wconf 78' lang='lat' dir='ltr'><strong>immae</strong></span> <span class='ocrx_word' id='word_1_346' title='bbox 1690 3566 1924 3636; x_wconf 79' lang='lat' dir='ltr'><strong>reginae,</strong></span> <span class='ocrx_word' id='word_1_347' title='bbox 1979 3564 2124 3622; x_wconf 81' lang='lat' dir='ltr'><strong>filiae</strong></span> <span class='ocrx_word' id='word_1_348' title='bbox 2164 3564 2383 3622; x_wconf 84' lang='lat' dir='ltr'><strong>Roberti</strong></span> <span class='ocrx_word' id='word_1_349' title='bbox 2427 3570 2570 3637; x_wconf 78' lang='lat' dir='ltr'><strong>regis</strong></span> <span class='ocrx_word' id='word_1_350' title='bbox 2612 3574 2669 3624; x_wconf 86' lang='lat' dir='ltr'><strong>et</strong></span> 
     </span>
     <span class='ocr_line' id='line_1_38' title="bbox 449 3651 2660 3724; baseline 0 -13"><span class='ocrx_word' id='word_1_351' title='bbox 449 3658 624 3711; x_wconf 77' lang='lat' dir='ltr'><strong>sorori</strong></span> <span class='ocrx_word' id='word_1_352' title='bbox 651 3655 905 3724; x_wconf 76' lang='lat' dir='ltr'><strong>nugonis,</strong></span> <span class='ocrx_word' id='word_1_353' title='bbox 945 3655 1036 3724; x_wconf 83' lang='lat' dir='ltr'><strong>qui</strong></span> <span class='ocrx_word' id='word_1_354' title='bbox 1065 3654 1273 3709; x_wconf 86' lang='lat' dir='ltr'><strong>scilicet</strong></span> <span class='ocrx_word' id='word_1_355' title='bbox 1300 3651 1568 3709; x_wconf 87' lang='lat' dir='ltr'><strong>abbatiam</strong></span> <span class='ocrx_word' id='word_1_356' title='bbox 1595 3653 1959 3709; x_wconf 88' lang='lat' dir='ltr'><strong>Turonensem</strong></span> <span class='ocrx_word' id='word_1_357' title='bbox 1988 3653 2260 3710; x_wconf 88' lang='lat' dir='ltr'><strong>tenebant.</strong></span> <span class='ocrx_word' id='word_1_358' title='bbox 2332 3655 2403 3710; x_wconf 86' lang='lat' dir='ltr'><strong>At</strong></span> <span class='ocrx_word' id='word_1_359' title='bbox 2429 3656 2660 3712; x_wconf 82' lang='lat' dir='ltr'><strong>vicissim</strong></span> 
     </span>
     <span class='ocr_line' id='line_1_39' title="bbox 447 3740 2662 3816; baseline 0 -17"><span class='ocrx_word' id='word_1_360' title='bbox 447 3744 600 3812; x_wconf 77' lang='lat' dir='ltr'><strong>nugo</strong></span> <span class='ocrx_word' id='word_1_361' title='bbox 627 3744 849 3814; x_wconf 77' lang='lat' dir='ltr'><strong>Magnus</strong></span> <span class='ocrx_word' id='word_1_362' title='bbox 873 3744 991 3798; x_wconf 83' lang='lat' dir='ltr'><strong>sive</strong></span> <span class='ocrx_word' id='word_1_363' title='bbox 1009 3741 1177 3798; x_wconf 85' lang='lat' dir='ltr'><strong>Albus</strong></span> <span class='ocrx_word' id='word_1_364' title='bbox 1197 3740 1428 3797; x_wconf 84' lang='lat' dir='ltr'><strong>Roberto</strong></span> <span class='ocrx_word' id='word_1_365' title='bbox 1457 3744 1611 3796; x_wconf 90' lang='lat' dir='ltr'><strong>natus</strong></span> <span class='ocrx_word' id='word_1_366' title='bbox 1642 3741 1891 3799; x_wconf 89' lang='lat' dir='ltr'><strong>scribitur</strong></span> <span class='ocrx_word' id='word_1_367' title='bbox 1919 3756 1986 3798; x_wconf 78' lang='lat' dir='ltr'><strong>ex</strong></span> <span class='ocrx_word' id='word_1_368' title='bbox 2012 3742 2120 3798; x_wconf 83' lang='lat' dir='ltr'><strong>filia</strong></span> <span class='ocrx_word' id='word_1_369' title='bbox 2150 3744 2302 3799; x_wconf 89' lang='lat' dir='ltr'><strong>ducis</strong></span> <span class='ocrx_word' id='word_1_370' title='bbox 2319 3743 2662 3816; x_wconf 71' lang='lat' dir='ltr'><strong>Burgundios,</strong></span> 
     </span>
     <span class='ocr_line' id='line_1_40' title="bbox 448 3829 2665 3903; baseline 0 -15"><span class='ocrx_word' id='word_1_371' title='bbox 448 3835 612 3902; x_wconf 83' lang='lat' dir='ltr'><strong>atque</strong></span> <span class='ocrx_word' id='word_1_372' title='bbox 651 3833 777 3889; x_wconf 88' lang='lat' dir='ltr'><strong>inde</strong></span> <span class='ocrx_word' id='word_1_373' title='bbox 805 3831 1158 3887; x_wconf 83' lang='lat' dir='ltr'><strong>haereditario</strong></span> <span class='ocrx_word' id='word_1_374' title='bbox 1182 3834 1300 3899; x_wconf 78' lang='lat' dir='ltr'><strong>jure</strong></span> <span class='ocrx_word' id='word_1_375' title='bbox 1331 3829 1679 3898; x_wconf 83' lang='lat' dir='ltr'><strong>Burgundiam</strong></span> <span class='ocrx_word' id='word_1_376' title='bbox 1724 3834 1951 3903; x_wconf 83' lang='lat' dir='ltr'><strong>petiisse</strong></span> <span class='ocrx_word' id='word_1_377' title='bbox 1989 3837 2043 3888; x_wconf 87' lang='lat' dir='ltr'><strong>et</strong></span> <span class='ocrx_word' id='word_1_378' title='bbox 2068 3832 2282 3888; x_wconf 81' lang='lat' dir='ltr'><strong>tandem</strong></span> <span class='ocrx_word' id='word_1_379' title='bbox 2310 3831 2418 3888; x_wconf 85' lang='lat' dir='ltr'><strong>filio</strong></span> <span class='ocrx_word' id='word_1_380' title='bbox 2445 3830 2665 3888; x_wconf 86' lang='lat' dir='ltr'><strong>obtinu-</strong></span> 
     </span>
     <span class='ocr_line' id='line_1_41' title="bbox 448 3917 2667 3979; baseline 0.002 -4"><span class='ocrx_word' id='word_1_381' title='bbox 448 3922 580 3977; x_wconf 83' lang='lat' dir='ltr'><strong>isse.</strong></span> <span class='ocrx_word' id='word_1_382' title='bbox 623 3921 718 3977; x_wconf 60' lang='grc' dir='ltr'><strong>Χῖα</strong></span> <span class='ocrx_word' id='word_1_383' title='bbox 737 3921 1020 3977; x_wconf 85' lang='lat' dir='ltr'><strong>Albericus</strong></span> <span class='ocrx_word' id='word_1_384' title='bbox 1053 3933 1118 3975; x_wconf 84' lang='lat' dir='ltr'><strong>ex</strong></span> <span class='ocrx_word' id='word_1_385' title='bbox 1142 3917 1384 3975; x_wconf 87' lang='lat' dir='ltr'><strong>Gnidone</strong></span> <span class='ocrx_word' id='word_1_386' title='bbox 1416 3918 1485 3975; x_wconf 90' lang='lat' dir='ltr'><strong>de</strong></span> <span class='ocrx_word' id='word_1_387' title='bbox 1507 3919 1781 3975; x_wconf 85' lang='lat' dir='ltr'><strong>Bazochis.</strong></span> <span class='ocrx_word' id='word_1_388' title='bbox 1836 3919 1893 3976; x_wconf 87' lang='lat' dir='ltr'><strong>ln</strong></span> <span class='ocrx_word' id='word_1_389' title='bbox 1924 3935 1990 3976; x_wconf 88' lang='lat' dir='ltr'><strong>eo</strong></span> <span class='ocrx_word' id='word_1_390' title='bbox 2021 3925 2199 3978; x_wconf 78' lang='lat' dir='ltr'><strong>tamen</strong></span> <span class='ocrx_word' id='word_1_391' title='bbox 2226 3925 2369 3976; x_wconf 86' lang='lat' dir='ltr'><strong>errat</strong></span> <span class='ocrx_word' id='word_1_392' title='bbox 2385 3921 2667 3979; x_wconf 77' lang='lat' dir='ltr'><strong>Alberieus</strong></span> 
     </span>
     <span class='ocr_line' id='line_1_42' title="bbox 448 4007 2671 4080; baseline 0.002 -18"><span class='ocrx_word' id='word_1_393' title='bbox 448 4007 539 4063; x_wconf 78' lang='lat' dir='ltr'><strong>vel</strong></span> <span class='ocrx_word' id='word_1_394' title='bbox 581 4009 769 4078; x_wconf 84' lang='lat' dir='ltr'><strong>Gnido,</strong></span> <span class='ocrx_word' id='word_1_395' title='bbox 815 4009 955 4080; x_wconf 84' lang='lat' dir='ltr'><strong>quod</strong></span> <span class='ocrx_word' id='word_1_396' title='bbox 996 4008 1134 4065; x_wconf 89' lang='lat' dir='ltr'><strong>hanc</strong></span> <span class='ocrx_word' id='word_1_397' title='bbox 1172 4008 1388 4064; x_wconf 85' lang='lat' dir='ltr'><strong>Roberti</strong></span> <span class='ocrx_word' id='word_1_398' title='bbox 1429 4021 1647 4064; x_wconf 82' lang='lat' dir='ltr'><strong>uxorem</strong></span> <span class='ocrx_word' id='word_1_399' title='bbox 1689 4008 1848 4063; x_wconf 84' lang='lat' dir='ltr'><strong>filiam</strong></span> <span class='ocrx_word' id='word_1_400' title='bbox 1893 4009 2020 4064; x_wconf 82' lang='lat' dir='ltr'><strong>facit</strong></span> <span class='ocrx_word' id='word_1_401' title='bbox 2058 4009 2297 4078; x_wconf 76' lang='lat' dir='ltr'><strong>lingonis</strong></span> <span class='ocrx_word' id='word_1_402' title='bbox 2332 4009 2671 4080; x_wconf 74' lang='lat' dir='ltr'><strong>Burgundiae</strong></span> 
     </span>
     <span class='ocr_line' id='line_1_43' title="bbox 450 4096 2669 4168; baseline 0.002 -16"><span class='ocrx_word' id='word_1_403' title='bbox 450 4096 620 4167; x_wconf 73' lang='lat' dir='ltr'><strong>duciS,</strong></span> <span class='ocrx_word' id='word_1_404' title='bbox 660 4110 818 4168; x_wconf 86' lang='lat' dir='ltr'><strong>quem</strong></span> <span class='ocrx_word' id='word_1_405' title='bbox 857 4099 979 4168; x_wconf 90' lang='lat' dir='ltr'><strong>ipse</strong></span> <span class='ocrx_word' id='word_1_406' title='bbox 1019 4097 1312 4168; x_wconf 87' lang='lat' dir='ltr'><strong>Cappatum</strong></span> <span class='ocrx_word' id='word_1_407' title='bbox 1349 4103 1525 4168; x_wconf 80' lang='lat' dir='ltr'><strong>vocat,</strong></span> <span class='ocrx_word' id='word_1_408' title='bbox 1565 4096 1895 4153; x_wconf 83' lang='lat' dir='ltr'><strong>Frodoardus</strong></span> <span class='ocrx_word' id='word_1_409' title='bbox 1937 4098 2169 4168; x_wconf 84' lang='lat' dir='ltr'><strong>Nigrum,</strong></span> <span class='ocrx_word' id='word_1_410' title='bbox 2212 4096 2429 4153; x_wconf 81' lang='lat' dir='ltr'><strong>fratrem</strong></span> <span class='ocrx_word' id='word_1_411' title='bbox 2460 4097 2669 4156; x_wconf 62' lang='lat' dir='ltr'><strong>liudolfi</strong></span> 
     </span>
     <span class='ocr_line' id='line_1_44' title="bbox 450 4183 2669 4258; baseline 0.003 -18"><span class='ocrx_word' id='word_1_412' title='bbox 450 4183 738 4242; x_wconf 82' lang='lat' dir='ltr'><strong>Galliarum</strong></span> <span class='ocrx_word' id='word_1_413' title='bbox 780 4187 940 4255; x_wconf 81' lang='lat' dir='ltr'><strong>regis,</strong></span> <span class='ocrx_word' id='word_1_414' title='bbox 998 4187 1096 4240; x_wconf 91' lang='lat' dir='ltr'><strong>sed</strong></span> <span class='ocrx_word' id='word_1_415' title='bbox 1138 4189 1258 4254; x_wconf 78' lang='lat' dir='ltr'><strong>ejus</strong></span> <span class='ocrx_word' id='word_1_416' title='bbox 1299 4189 1479 4258; x_wconf 89' lang='lat' dir='ltr'><strong>potius</strong></span> <span class='ocrx_word' id='word_1_417' title='bbox 1521 4199 1672 4240; x_wconf 88' lang='lat' dir='ltr'><strong>soror</strong></span> <span class='ocrx_word' id='word_1_418' title='bbox 1712 4184 1827 4256; x_wconf 81' lang='lat' dir='ltr'><strong>fuit,</strong></span> <span class='ocrx_word' id='word_1_419' title='bbox 1878 4183 1989 4241; x_wconf 84' lang='lat' dir='ltr'><strong>filia</strong></span> <span class='ocrx_word' id='word_1_420' title='bbox 2032 4185 2181 4242; x_wconf 85' lang='lat' dir='ltr'><strong>ducis</strong></span> <span class='ocrx_word' id='word_1_421' title='bbox 2222 4186 2499 4257; x_wconf 83' lang='lat' dir='ltr'><strong>Richardi;</strong></span> <span class='ocrx_word' id='word_1_422' title='bbox 2548 4202 2669 4246; x_wconf 87' lang='lat' dir='ltr'><strong>nam</strong></span> 
     </span>
     <span class='ocr_line' id='line_1_45' title="bbox 450 4270 2673 4349; baseline 0.002 -19"><span class='ocrx_word' id='word_1_423' title='bbox 450 4274 608 4330; x_wconf 82' lang='lat' dir='ltr'><strong>ambo</strong></span> <span class='ocrx_word' id='word_1_424' title='bbox 635 4275 905 4343; x_wconf 85' lang='lat' dir='ltr'><strong>Hugones,</strong></span> <span class='ocrx_word' id='word_1_425' title='bbox 933 4272 1101 4329; x_wconf 85' lang='lat' dir='ltr'><strong>Albus</strong></span> <span class='ocrx_word' id='word_1_426' title='bbox 1129 4282 1183 4330; x_wconf 91' lang='lat' dir='ltr'><strong>et</strong></span> <span class='ocrx_word' id='word_1_427' title='bbox 1209 4275 1387 4344; x_wconf 83' lang='lat' dir='ltr'><strong>Niger,</strong></span> <span class='ocrx_word' id='word_1_428' title='bbox 1430 4272 1542 4329; x_wconf 81' lang='lat' dir='ltr'><strong>fere</strong></span> <span class='ocrx_word' id='word_1_429' title='bbox 1571 4270 1825 4342; x_wconf 85' lang='lat' dir='ltr'><strong>aequales</strong></span> <span class='ocrx_word' id='word_1_430' title='bbox 1854 4270 2020 4346; x_wconf 79' lang='lat' dir='ltr'><strong>fuere,</strong></span> <span class='ocrx_word' id='word_1_431' title='bbox 2048 4289 2152 4332; x_wconf 82' lang='lat' dir='ltr'><strong>nec</strong></span> <span class='ocrx_word' id='word_1_432' title='bbox 2178 4274 2315 4332; x_wconf 88' lang='lat' dir='ltr'><strong>alter</strong></span> <span class='ocrx_word' id='word_1_433' title='bbox 2343 4289 2471 4333; x_wconf 82' lang='lat' dir='ltr'><strong>esse</strong></span> <span class='ocrx_word' id='word_1_434' title='bbox 2496 4279 2673 4349; x_wconf 89' lang='lat' dir='ltr'><strong>potuit</strong></span> 
     </span>
     <span class='ocr_line' id='line_1_46' title="bbox 451 4359 2667 4434; baseline 0.002 -17"><span class='ocrx_word' id='word_1_435' title='bbox 451 4361 676 4418; x_wconf 78' lang='lat' dir='ltr'><strong>alterius</strong></span> <span class='ocrx_word' id='word_1_436' title='bbox 704 4375 850 4418; x_wconf 82' lang='lat' dir='ltr'><strong>avus.</strong></span> <span class='ocrx_word' id='word_1_437' title='bbox 905 4359 972 4416; x_wconf 86' lang='lat' dir='ltr'><strong>Et</strong></span> <span class='ocrx_word' id='word_1_438' title='bbox 1000 4362 1234 4417; x_wconf 87' lang='lat' dir='ltr'><strong>extincto</strong></span> <span class='ocrx_word' id='word_1_439' title='bbox 1252 4362 1480 4418; x_wconf 67' lang='lat' dir='ltr'><strong>liudolfo</strong></span> <span class='ocrx_word' id='word_1_440' title='bbox 1508 4377 1652 4432; x_wconf 85' lang='lat' dir='ltr'><strong>rege,</strong></span> <span class='ocrx_word' id='word_1_441' title='bbox 1683 4363 1859 4417; x_wconf 83' lang='lat' dir='ltr'><strong>statim</strong></span> <span class='ocrx_word' id='word_1_442' title='bbox 1879 4362 2031 4432; x_wconf 70' lang='lat' dir='ltr'><strong>nugo</strong></span> <span class='ocrx_word' id='word_1_443' title='bbox 2052 4362 2222 4420; x_wconf 84' lang='lat' dir='ltr'><strong>Albus</strong></span> <span class='ocrx_word' id='word_1_444' title='bbox 2239 4365 2401 4434; x_wconf 78' lang='lat' dir='ltr'><strong>Nigro</strong></span> <span class='ocrx_word' id='word_1_445' title='bbox 2431 4365 2667 4423; x_wconf 75' lang='lat' dir='ltr'><strong>familiae</strong></span> 
     </span>
     <span class='ocr_line' id='line_1_47' title="bbox 447 4448 2667 4523; baseline 0.004 -20"><span class='ocrx_word' id='word_1_446' title='bbox 447 4448 834 4507; x_wconf 81' lang='lat' dir='ltr'><strong>herciscundae</strong></span> <span class='ocrx_word' id='word_1_447' title='bbox 872 4451 1289 4505; x_wconf 85' lang='lat' dir='ltr'><strong>controversiam</strong></span> <span class='ocrx_word' id='word_1_448' title='bbox 1330 4453 1497 4507; x_wconf 80' lang='lat' dir='ltr'><strong>movit</strong></span> <span class='ocrx_word' id='word_1_449' title='bbox 1533 4455 1655 4522; x_wconf 74' lang='lat' dir='ltr'><strong>jure</strong></span> <span class='ocrx_word' id='word_1_450' title='bbox 1681 4456 1935 4509; x_wconf 86' lang='lat' dir='ltr'><strong>materno.</strong></span> <span class='ocrx_word' id='word_1_451' title='bbox 2007 4453 2198 4523; x_wconf 76' lang='lat' dir='ltr'><strong>ltaque</strong></span> <span class='ocrx_word' id='word_1_452' title='bbox 2236 4454 2574 4512; x_wconf 80' lang='lat' dir='ltr'><strong>Frodoardus</strong></span> <span class='ocrx_word' id='word_1_453' title='bbox 2600 4456 2667 4512; x_wconf 77' lang='lat' dir='ltr'><strong>od</strong></span> 
     </span>
    </p>
   </div>
   <div class='ocr_carea' id='block_1_3' title="bbox 2812 1562 2817 3238">
    <p class='ocr_par' dir='ltr' id='par_1_5' title="bbox 2812 1562 2817 3238">
     <span class='ocr_line' id='line_1_48' title="bbox 2812 1562 2817 3238; baseline 0 0"><span class='ocrx_word' id='word_1_454' title='bbox 2812 1562 2817 3238; x_wconf 95' lang='lat' dir='ltr'><strong> </strong></span> 
     </span>
    </p>
   </div>
  </div>
 </body>
</html>
