2817 4959
582 271 1113 354 A2NNALES
1180 279 1642 354 IMPERII
2091 287 2223 355 449

95 451 211 515 21.
294 456 430 515 Rem
448 457 758 516 maturatam
779 457 950 517 inissa
968 461 1197 532 oportet,
1227 473 1346 516 cum
1364 462 1518 531 pater
1533 445 1895 518 Janio'm'ense
1915 458 2221 519 declinante
2245 461 2311 532 Α,
2332 459 2471 531 936,

28 547 192 618 lor-it,
227 545 382 602 iilius
411 550 535 603 ante
563 550 613 603 5.
632 547 706 604 ld.
734 548 867 617 Aug.
892 551 1002 618 jam
1027 562 1246 618 regnum
1273 550 1471 621 inierit,
1499 549 1596 607 sed
1624 550 1673 605 2.
1690 549 1808 605 Kal.
1825 548 1929 606 Jul.
1955 550 2218 607 nondum:

28 635 104 691 ad
140 649 229 691 ex
257 633 664 705 privilegiorum
689 634 889 691 tabulis
916 640 1080 708 patet,
1110 649 1242 707 quas
1270 637 1517 705 signavit.
1588 636 1721 694 Nam
1751 636 1876 694 Otto
1904 652 2016 708 rex,
2052 652 2227 709 expe·

28 727 111 780 ite
134 721 444 793 Adaldago
474 723 899 794 archiepiscopo,
929 722 1235 780 libertatem
1261 725 1534 781 ecclesiae
1554 715 2064 797 Hammaburgensis'
2087 741 2225 783 con-

28 818 145 868 nat
196 814 253 866 2.
286 811 411 866 Kal.
438 810 545 868 Jul.
575 826 629 866 a.
657 812 708 866 d.
734 813 840 867 inc.
869 813 992 882 937,
1035 813 1218 867 indict.
1252 814 1336 885 10,
1382 828 1531 868 anno
1568 817 1727 885 requi
1764 813 1966 870 ottonis
1999 815 2227 884 pii-ueni

28 904 107 962 nze
131 901 375 970 primm
414 903 595 954 actum
626 902 689 954 in
723 899 988 954 Werlaha.
1058 899 1127 954 Et
1152 899 1294 957 idem
1321 901 1717 957 intercessione
1744 916 1901 959 carae
1929 916 2064 960 suae
2091 917 2227 959 con-

28 992 103 1058 tis
127 988 398 1056 Edgidae
418 990 474 1043 et
493 987 762 1058 Thietarii,
794 1000 951 1058 quem
971 986 1077 1042 sibi
1095 986 1310 1044 fidelem
1335 992 1426 1060 ait,
1456 988 1931 1059 flammaburgensi
1955 990 2227 1047 ecclesiae

28 1078 136 1150 dit,
177 1076 447 1147 quicquid
474 1076 817 1147 proprietatis
845 1074 1078 1131 habebat
1102 1077 1157 1131 in
1187 1075 1449 1147 Brennum,
1478 1077 1704 1147 Birsina,
1730 1078 1995 1149 Ramaslo,
2022 1078 2227 1136 Buckin

51 1166 162 1221 Id.
211 1165 356 1236 Any.
393 1164 506 1219 ind.
549 1165 636 1234 10,
680 1179 732 1218 a.
773 1166 824 1219 d.
862 1166 969 1219 inc.
1012 1165 1137 1233 937,
1183 1177 1331 1220 anno
1366 1169 1545 1221 autem
1575 1164 1763 1226 ottone
1795 1172 2059 1236 reynante
2096 1180 2228 1240 reye

28 1254 247 1310 eundo.
324 1252 498 1307 Ambo
540 1252 830 1324 diplomata
869 1253 1010 1309 inter
1052 1263 1116 1307 ea
1157 1252 1420 1324 leguntur,
1463 1266 1604 1323 quae
1642 1252 1962 1310 meibomius
2002 1255 2115 1310 suis
2157 1254 2224 1311 ad

28 1342 344 1399 itihindum
363 1341 760 1412 Roswitamque
777 1343 921 1396 notis
941 1338 1228 1408 subjunxit.
1300 1339 1380 1395 Ibi
1398 1341 1561 1396 etiam
1587 1341 1645 1398 in
1666 1342 1959 1398 novissima
1986 1341 2225 1400 editione

51 1431 364 1504 posterius
393 1444 489 1500 pro
517 1428 638 1486 93⁷.
668 1429 925 1486 mendose
967 1430 1162 1498 legitur
1201 1427 1323 1486 907.
1393 1428 1477 1484 Ex
1502 1429 1584 1485 hia
1614 1430 1827 1504 colligo,
1857 1431 2108 1488 ottonem
2134 1430 2225 1489 vel

29 1522 307 1577 climate
347 1518 504 1589 Julio,
543 1516 634 1573 vel
677 1516 1026 1576 adolescente
1069 1517 1309 1587 Augusto
1351 1531 1399 1572 a.
1437 1517 1498 1572 Ι).
1535 1517 1655 1576 936.
1696 1531 1863 1589 regno
1903 1519 2225 1576 Francorum

28 1606 341 1666 'tentalium
368 1607 734 1674 inauguratum
773 1604 961 1663 luisse.
1034 1606 1143 1664 Sed
1171 1621 1241 1663 an
1265 1606 1460 1663 notarii
1487 1619 1551 1663 se
1576 1606 1702 1662 hnic
1739 1607 1982 1678 epochae
2011 1620 2227 1680 semper

28 1697 281 1767 ligarint,
323 1694 551 1764 amplius
593 1694 959 1763 inquirendum
988 1698 1200 1766 putem3
1240 1693 1529 1751 historicos
1569 1709 1791 1765 regnum
1831 1700 1949 1768 ejus
1985 1711 2019 1753 a
2053 1702 2226 1755 morte

28 1790 152 1844 ‚tris
188 1787 554 1854 computasse,
583 1783 914 1838 crediderim.

120 1873 225 1930 22.
302 1869 434 1927 Cam
463 1883 591 1939 ergo
622 1883 688 1925 ex
717 1870 895 1926 edicto
925 1875 1244 1928 conventum
1273 1875 1424 1929 esset
1453 1873 1520 1928 ad
1541 1872 1720 1943 Aquas
1742 1872 1916 1946 Grani,
1943 1873 2037 1931 ubi
2067 1873 2226 1945 pala-

28 1978 110 2020 ιιιι
143 1962 275 2018 erat
300 1961 517 2031 regium,
559 1960 645 2015 cui
672 1960 925 2028 imposita
950 1960 1144 2031 aquila,
1165 1962 1278 2028 jam
1304 1972 1488 2018 rursus
1512 1959 1583 2016 ab
1602 1962 1834 2018 Henrico
1861 1962 1929 2017 ad
1947 1965 2223 2034 orientem,

55 2054 158 2108 est
207 2046 556 2119 Germaniam,
601 2060 863 2104 conversa
902 2053 1033 2119 erat,
1075 2048 1384 2105 adventanti
1409 2049 1525 2118 regi
1553 2063 1672 2104 curn
1701 2048 2013 2121 proceribus
2039 2049 2165 2107 inde
2192 2064 2226 2106 a

28 2139 230 2196 uxonia
268 2135 356 2193 vel
395 2135 682 2204 Thuringia
719 2135 1096 2192 comitantibus
1138 2140 1359 2193 senatus
1399 2137 1694 2207 principum
1727 2139 1839 2207 jam
1876 2136 2226 2194 collectorum

28 2231 213 2285 »viam
240 2227 525 2297 processit,
567 2223 834 2294 fidemque
861 2227 917 2280 et
943 2223 1333 2293 subjectionem
1361 2226 1624 2296 promisit,
1650 2224 1777 2281 inde
1806 2226 1874 2281 ad
1900 2225 2089 2282 sedem
2117 2226 2228 2282 im-

28 2315 258 2375 irialem
299 2313 521 2369 ducitur.
592 2312 743 2368 ilaec
779 2312 1062 2370 Ditmarus.
1132 2312 1251 2368 Jam
1276 2310 1598 2368 witikindus
1625 2314 1699 2368 ita
1726 2314 1929 2383 pergit:
1968 2314 2147 2370 Duces
2173 2317 2228 2369 et

28 2405 401 2477 vasatorum
417 2404 684 2474 principes
701 2416 824 2458 cum
841 2405 1062 2456 caetera
1080 2413 1375 2470 procerum
1390 2402 1719 2474 ”alitumque
1736 2417 1905 2458 manu
1925 2404 1986 2458 tn
1999 2405 2224 2458 sistorio

28 2499 104 2552 ita
133 2493 379 2563 scriptor,
418 2489 473 2545 id
516 2493 602 2546 est
626 2490 816 2559 xysto)
857 2489 1114 2545 basilicae
1137 2488 1324 2561 Magni
1352 2489 1543 2545 Garott
1568 2483 1890 2547 cohaerede
1914 2492 2228 2562 conqreyatt'
2285 2536 2291 2546 .

28 2588 131 2641 net.
212 2581 298 2636 1⁶2·
323 2582 382 2635 in
418 2581 560 2645 solio
600 2579 871 2634 collocant
908 2592 1107 2634 novum
1145 2579 1349 2649 duom,
1389 2591 1687 2650 manusque
1718 2581 1773 2634 et
1799 2579 1945 2650 dant,
1988 2582 2043 2636 et
2063 2576 2226 2647 fidem

28 2683 330 2742 veramne
352 2672 545 2724 contra
569 2669 817 2722 inimicos
837 2667 1188 2738 pollicentia&
1227 2669 1386 2737 atque
1410 2669 1491 2720 ita
1514 2664 1727 2736 lactant
1751 2680 1947 2736 reqem.

136 2759 232 2816 23.
303 2757 448 2821 Quae
490 2757 610 2813 dum
654 2761 905 2824 geruntur
949 2768 981 2809 a
1026 2753 1249 2810 ducibus
1292 2758 1346 2809 et
1387 2758 1605 2810 caetero
1648 2754 1975 2824 magistratu,
2014 2755 2223 2811 interea

28 2848 245 2909 antitex
278 2848 535 2902 maximus
574 2845 660 2916 (id
702 2848 789 2900 est
814 2841 1154 2899 Hildebertus
1183 2840 1553 2911 moguntinus)
1595 2856 1715 2898 cum
1757 2843 2007 2897 universo
2035 2854 2224 2899 sacer-

28 2946 183 2998 otum
226 2935 409 2991 ordine
449 2939 506 2989 et
546 2932 775 2989 collecto
816 2930 1055 2987 fidelium
1095 2929 1295 3000 populo
1336 2931 1392 2985 in
1420 2929 1651 2986 basilica
1695 2929 1748 2985 S.
1777 2928 1979 2985 Mariae
2007 2941 2224 3001 semper

27 3031 228 3101 irginis
268 3039 300 3080 a
324 3023 514 3092 Magno
545 3021 737 3077 Carolo
768 3025 970 3076 structa
1010 3017 1440 3088 praestolabatur
1473 3021 1876 3090 processionem
1904 3019 2032 3074 novi
2056 3019 2221 3087 ragis.

32 3127 247 3188 umque
273 3113 513 3183 quaestio
541 3116 691 3167 esset
716 3113 856 3166 inter
882 3108 1165 3179 pontifices
1194 3108 1262 3165 de
1291 3108 1657 3164 consecrando
1684 3119 1829 3179 rege,
1871 3111 1929 3164 et
1955 3106 2222 3178 Rupertus

31 3203 337 3265 revirensis
377 3200 442 3256 ad
484 3199 849 3270 antiquitatem
889 3203 1207 3268 provocaret
1243 3199 1408 3268 sodis,
1449 3201 1699 3268 tanquam
1726 3210 1760 3252 a
1785 3194 1942 3251 Petro
1971 3196 2222 3265 apostolo

26 3296 286 3356 indata03
321 3287 610 3359 wigfridus
649 3302 779 3344 vero
810 3286 1151 3344 coloniensis
1188 3285 1254 3342 ad
1291 3289 1375 3354 jus
1405 3284 1786 3357 metropoleos,
1829 3286 1982 3354 cujus
2008 3286 2065 3341 in
2090 3295 2223 3356 pro-

29 3386 179 3442 incia
231 3382 379 3435 erant
420 3379 639 3448 Aquae3
686 3389 906 3433 cessere
945 3381 1125 3432 tamen
1166 3373 1441 3431 autoritati
1461 3421 1465 3425 .
1483 3373 1800 3445 Hildeberti,
1846 3375 1941 3444 qui
1985 3371 2220 3429 Francus

28 3483 224 3541 eriere,
264 3465 551 3522 monachus
579 3463 935 3536 professione,
976 3465 1263 3520 sanctitate
1285 3466 1434 3520 vitae
1461 3463 1518 3519 et
1543 3463 1856 3535 prudentiae
1884 3461 2221 3518 documentis

33 3567 53 3617 t
77 3563 359 3617 literarum
393 3554 585 3610 studiis
615 3554 789 3610 clarus
816 3552 1129 3609 habebatur.
1201 3551 1469 3609 Ditmarus
1496 3564 1609 3608 rem
1638 3550 1941 3622 simplicius
1960 3550 2221 3621 enuntiat,

28 3647 371 3706 [ildebertum
399 3645 757 3699 concessione
784 3641 1043 3711 wigii-idi,
1073 3643 1225 3709 cuius
1253 3643 1310 3698 in
1336 3640 1578 3697 dioecesi
1606 3644 1723 3697 etat
1749 3640 1918 3710 locus,
1947 3641 2002 3691 et
2020 3634 2221 3692 auxilio

28 3737 225 3810 ‘auperti
246 3734 601 3789 benedixisse.
672 3730 779 3787 Sed
799 3729 1118 3787 witikindus
1138 3729 1450 3800 wigfridum
1478 3727 1629 3784 velut
1654 3729 1950 3798 adjutorem
1979 3738 2223 3781 comme-

28 3831 190 3884 morat.
264 3821 601 3891 Crediderim,
628 3825 686 3876 ut
713 3825 840 3875 tnnc
865 3824 1018 3875 erant
1046 3810 1302 3891 tempora,
1330 3818 1790 3887 inaugurationem
1815 3815 1965 3881 regni
1995 3812 2222 3871 Germa-

29 3919 121 3974 iae
163 3911 235 3969 ad
273 3910 632 3980 moguntinum
672 3911 944 3978 pertinere
983 3909 1169 3977 visam,
1210 3906 1572 3963 Lothariensis
1601 3904 1670 3960 ad
1697 3903 2082 3975 Trevirensem,
2121 3904 2221 3960 sed

28 4005 377 4061 :olonienscm
434 4003 614 4055 tamen
665 3998 787 4054 loco
842 3996 1107 4063 valuiss03
1167 3998 1351 4067 itaque
1404 4009 1524 4050 cum
1578 3992 1956 4049 Lotharienses
2010 3997 2220 4064 partem

28 4097 262 4163 majorem
297 4089 446 4157 regni
486 4087 625 4142 haud
662 4086 914 4156 facerent,
953 4083 1319 4141 Hildebertum
1340 4088 1465 4152 jure
1492 4080 1809 4138 Germaniae
1835 4082 2221 4153 praevaluisse.

28 4181 278 4239 {enovata
302 4180 386 4232 est
410 4177 628 4247 saepius
670 4174 1034 4231 controversia
1071 4175 1211 4229 inter
1242 4172 1603 4240 Moguntinum
1645 4176 1701 4228 et
1728 4169 2124 4243 coloniensem,
2167 4176 2224 4229 et

28 4269 301 4327 novissime
334 4279 450 4321 cum
491 4263 795 4334 Leopoldus
823 4262 1212 4331 inaugurandus
1242 4263 1408 4332 esset,
1435 4261 1578 4317 inter
1602 4258 1894 4317 Iohannem
1925 4259 2221 4331 Philippum

29 4363 58 4415 ιι
85 4352 496 4414 maximilianum
522 4352 826 4423 Henricum,
866 4365 1086 4421 quorum
1113 4356 1340 4420 uterque
1366 4352 1718 4422 successoris,
1762 4351 1852 4420 qui
1879 4364 2021 4405 nunc
2049 4349 2223 4419 sedet,

28 4451 231 4504 »atruus
278 4439 390 4513 tuit,
438 4443 596 4497 etiam
643 4443 856 4512 scriptis
898 4442 1125 4511 agitata3
1169 4438 1495 4511 tandemque
1535 4440 1610 4497 ita
1649 4442 1976 4496 transactum
2018 4440 2120 4507 est,
2163 4439 2224 4492 ut

118 4559 365 4597 annus
393 4558 621 4594 rnnn
648 4558 772 4591 ron.
800 4546 862 4590 11.
1714 4549 1800 4614 29
