2817 4959
643 279 1175 349 annates
1244 281 1709 374 iusseri
2165 289 2288 357 aas

22 453 374 527 tbstulerag
402 452 589 526 reddit,
612 460 836 528 accepta
858 458 1300 529 compensatione
1318 459 1574 529 quadam
1606 462 1679 517 ita
1700 462 1755 517 in
1775 464 1996 530 gratiam
2016 463 2285 536 recipitur,
2318 463 2379 532 Α,
2403 465 2538 539 928,

21 546 248 601 meteri
285 557 510 615 quoque
537 543 918 601 Lotharienses
948 551 1224 616 pacantur.

167 633 234 688 6.
317 633 467 687 Tunc
507 637 564 689 et
604 631 938 690 Giselbertus
981 650 1100 691 cum
1129 636 1432 693 Trevirensi
1476 638 1882 711 archiepiscopo
1924 643 1978 696 in
2020 647 2287 698 conventu

20 735 333 779 ›rocerum
376 724 527 790 regni
569 720 934 778 Lotbariensis
973 724 1355 781 reconciliatus
1397 732 1500 782 est.
1574 727 1680 783 Res
1720 732 1841 784 acta
1871 729 2109 798 Trajecti
2145 747 2197 788 a.
2234 732 2283 785 d.

19 827 127 867 nc.
171 812 316 866 928.
362 814 519 881 requi
555 824 686 865 vero
725 813 1058 867 serenissimi
1090 817 1237 884 repis
1272 814 1497 870 Hem-ici
1534 830 1699 885 anper
1740 831 1967 888 requam
2014 820 2285 889 quondam

18 901 300 956 Lollius-ii
343 902 543 972 quinto,
590 900 775 954 indict.
806 900 856 956 1.
929 899 1131 957 Mensis
1177 906 1234 959 et
1282 904 1399 959 dies
1445 903 1643 960 vellem
1683 907 1903 978 ascripti
1945 904 2283 963 haberentur.

18 989 473 1058 Chronologicas
512 987 670 1058 bajus
710 992 1087 1046 transactionis
1126 996 1285 1048 notas
1314 992 1383 1048 ad
1411 1007 1459 1049 a.
1477 992 1540 1047 D.
1560 991 1683 1048 924.
1708 994 2078 1051 discussimus.
2133 994 2284 1052 Nunc

18 1080 386 1137 conditiones
425 1077 721 1133 videamus.
796 1076 1132 1135 Giselbertus
1161 1092 1224 1136 se
1252 1080 1442 1137 ducem
1470 1085 1632 1137 vocat
1657 1089 2034 1153 rectoremque
2062 1088 2285 1140 sanctae

16 1168 409 1238 trajectensis
452 1165 736 1237 ecclesiae,
780 1168 871 1237 qui
907 1168 1091 1224 titulus
1120 1170 1173 1223 in
1200 1168 1420 1240 homine
1445 1171 1668 1242 politico
1698 1178 2031 1228 monstrosus
2057 1172 2282 1232 videtur.

16 1256 137 1314 Sed
181 1271 290 1327 pro
333 1254 571 1311 ecclesia
610 1254 699 1311 bic
737 1254 954 1312 abbatia
994 1256 1310 1328 accipienda
1339 1262 1441 1330 est,
1482 1260 1620 1316 etin
1649 1274 1851 1316 morem
1881 1265 2008 1317 tuac
2033 1263 2184 1333 ierat,
2224 1265 2283 1316 ut

16 1347 270 1402 comites
316 1345 590 1416 ducesque
634 1344 886 1401 abbatum
926 1360 1034 1402 non
1072 1347 1278 1402 reditus
1306 1351 1525 1420 tantum,
1555 1348 1654 1403 sed
1681 1352 1740 1404 et
1764 1362 1961 1405 nomen
1990 1357 2277 1407 sumerent.
2360 1399 2371 1410 ,

15 1435 166 1490 Cum
192 1434 466 1503 Rotgerus
505 1434 612 1506 ipsi
649 1432 915 1489 abbatiam
956 1434 1010 1489 S.
1039 1434 1286 1506 servatii,
1314 1435 1367 1489 id
1397 1440 1484 1491 est
1510 1431 1913 1504 Traiectensem
1941 1439 2029 1493 diu
2060 1443 2279 1495 contro—

15 1538 270 1594 versam,
292 1526 408 1593 jam
435 1523 647 1579 tandem
675 1520 1021 1594 relinqueret,
1049 1524 1170 1592 ipse
1198 1523 1439 1580 vicissim
1466 1525 1521 1581 S.
1537 1524 1697 1582 Petro
1725 1525 2028 1583 Trevirensi
2058 1528 2278 1598 praedia

19 1615 183 1668 certa
214 1626 286 1669 ex
314 1611 636 1668 Arduennae
663 1610 806 1667 saltu
835 1615 891 1666 et
907 1610 1290 1680 Megenacensi
1317 1612 1513 1684 (hodie
1530 1612 1844 1684 Meyensem
1863 1615 2109 1685 diceres)
2136 1616 2274 1687 apud

16 1702 288 1758 Treviros
320 1703 574 1757 comitatu
602 1699 855 1772 attribuit,
877 1701 934 1754 et
949 1699 1213 1757 Mosellae
1232 1716 1426 1771 pagum
1447 1701 1701 1773 Gulisam,
1728 1705 1963 1759 vicinum
1982 1702 2275 1761 Confluen-

19 1789 197 1860 tibns,
228 1788 485 1861 adjungit,
515 1793 569 1846 et
590 1804 657 1845 ex
680 1789 915 1861 praediis
941 1789 989 1843 d.
1012 1786 1298 1860 Maximini,
1328 1804 1469 1860 quae
1496 1797 1623 1847 tunc
1646 1793 1705 1846 ia
1733 1797 2006 1863 potestate
2024 1792 2273 1864 babebat,

15 1879 437 1948 Talevangium.
511 1877 589 1934 Ita
627 1881 919 1950 praesente
955 1890 1087 1947 rege
1121 1880 1330 1934 vestitu
1368 1884 1665 1950 ornatuque
1708 1879 1917 1935 abbatis
1954 1881 2021 1936 ad
2048 1896 2192 1937 aram
2221 1884 2271 1937 d.

18 1968 269 2024 Servatii
315 1967 622 2038 productus,
668 1959 922 2022 abbatiae
965 1968 1332 2024 investituram
1379 1981 1479 2024 seu
1523 1968 1933 2038 possessionem
1980 1969 2270 2039 legitimam

23 2059 266 2129 accepit.
337 2055 549 2112 Falsum
591 2054 806 2112 ottonis
846 2056 916 2112 ai.
960 2055 1194 2126 diploma
1232 2070 1396 2128 super
1430 2056 1534 2113 bac
1574 2070 1739 2112 causa
1766 2056 2063 2127 Ragenario
2093 2059 2268 2116 datum

22 2145 334 2204 referemus
361 2149 419 2201 et
444 2144 864 2202 examinabimus
893 2145 960 2201 ad
989 2159 1037 2200 a.
1064 2144 1127 2200 D.
1156 2145 1277 2202 9⁵3.

176 2236 230 2289 7.
284 2232 396 2289 Sub
436 2234 593 2290 tinem
623 2237 747 2292 anni
774 2234 975 2306 Benno,
1003 2233 1264 2291 llletensis
1295 2238 1585 2306 episcopus
1611 2235 1761 2305 regia
1788 2237 2074 2293 autoritate
2101 2251 2271 2310 nuper

26 2324 377 2392 constitutus,
403 2336 436 2377 a
465 2322 747 2379 sceleratis
778 2319 1082 2381 bominibus
1111 2324 1285 2380 oculis
1315 2303 1668 2395 virilibusque
1695 2322 1917 2380 orbatus
1945 2327 2046 2381 est.
2100 2325 2270 2381 Autot-

27 2410 381 2482 subaequalis
425 2424 493 2467 ex
532 2410 866 2468 Lotbariensi
895 2425 1080 2485 regno,
1121 2416 1213 2484 qui
1239 2415 1404 2471 vitam
1432 2412 1691 2469 Joirannis
1719 2412 1929 2469 abbatis
1958 2413 2269 2472 Gorziensis

28 2502 271 2574 scripsit,
310 2513 494 2571 parum
523 2514 727 2570 aequus
754 2502 846 2571 (ut
871 2501 1114 2572 videtur)
1141 2501 1496 2573 alienigenae,
1536 2503 1846 2559 Bennonem
1874 2503 2138 2574 quendam
2166 2517 2265 2572 ge·

26 2603 166 2647 nere
181 2589 431 2660 Saevum,
459 2590 572 2645 vita
599 2590 838 2645 solitaria
868 2590 1007 2660 apud
1026 2589 1288 2660 ‘turegum
1317 2591 1604 2661 celebrem,
1634 2592 1755 2647 zelo
1784 2593 1875 2662 pio
1905 2593 2091 2661 optimi
2114 2594 2263 2661 prin—

30 2680 172 2750 cipis
199 2677 452 2747 wigirico
482 2691 857 2735 successorem
886 2678 1082 2749 datum,
1109 2693 1141 2734 a
1164 2680 1429 2750 pristinae
1456 2682 1757 2736 sanctitatis
1786 2678 1945 2735 laude
1975 2678 2264 2744 deiecisse,

29 2767 239 2839 scribit,
273 2771 328 2823 et
355 2781 386 2823 a
413 2768 645 2823 servulis
675 2769 729 2824 in
757 2766 952 2823 abditis
981 2771 1346 2839 excaecatum,
1388 2779 1517 2822 sese
1552 2767 1765 2823 tandem
1794 2769 1848 2821 in
1878 2766 2111 2821 concilio
2139 2768 2263 2835 epi-

30 2871 316 2928 scoporum
361 2856 664 2913 abdicasse.
736 2856 795 2911 Id
833 2856 1030 2912 factum
1059 2856 1159 2911 tuit
1185 2870 1325 2911 anno
1363 2860 1627 2925 sequente
1672 2856 1727 2910 in
1765 2854 1971 2923 synodo
1997 2853 2264 2908 Duisbur-

29 2949 207 3016 gensi,
247 2945 458 3001 abbatia
479 2946 710 3015 quadam
740 2945 809 3001 ad
836 2947 1280 3001 sustentationem
1312 2944 1587 3014 dignitatis
1627 2945 1866 3012 accepta.
1940 2941 2046 2997 Sed
2093 2941 2259 2996 nihilo

34 3038 214 3092 secius
254 3034 591 3090 solitudinem
631 3039 857 3091 amatam
886 3035 1153 3106 repetivit,
1197 3038 1252 3089 et
1281 3036 1385 3089 tam
1415 3036 1653 3103 ingratus
1682 3032 1783 3087 fuit
1808 3029 2160 3102 MetensibuS‚
2202 3037 2261 3085 ut

35 3127 198 3182 etiam
227 3125 279 3179 in
305 3124 551 3193 catalogo
580 3127 957 3195 episcoporum
987 3124 1275 3178 omittatur.
1360 3121 1444 3177 Ex
1471 3121 1813 3179 Gnillinaani
1836 3120 2263 3190 Argentoraten·
2378 3179 2388 3194 ,

38 3214 188 3268 sibus
228 3212 493 3284 discimus,
531 3212 841 3270 Bennonem
883 3225 1053 3284 prope
1095 3212 1166 3266 20
1207 3225 1380 3268 annos
1413 3214 1470 3266 iu
1514 3223 1696 3267 eremo
1737 3215 1861 3267 ante
1888 3211 2259 3281 episcopatum

39 3305 298 3372 exegisse,
352 3301 640 3373 pluresque
688 3315 753 3357 eo
800 3301 1051 3374 exemplo
1097 3315 1196 3358 suo
1242 3302 1521 3371 invitasse,
1578 3315 1800 3371 quorum
1848 3311 2013 3371 opera
2058 3301 2258 3369 passim

37 3389 333 3447 habitacula
362 3396 543 3446 erecta
572 3393 712 3446 sunt.
767 3391 1003 3447 Mentem
1033 3394 1209 3462 etiam,
1237 3391 1329 3462 qui
1355 3401 1553 3446 nomen
1572 3389 1788 3446 Bennau
1814 3389 2049 3458 retinuit,
2079 3390 2257 3443 caesis

38 3477 306 3535 arboribus
339 3478 619 3536 cultiorem
649 3478 807 3545 iecit3
851 3479 918 3536 ab
946 3478 1287 3535 Adalberone
1315 3480 1576 3550 episcopo
1606 3478 1924 3547 Basileensi‚
1959 3478 2256 3546 propinquo

40 3583 155 3638 suo,
185 3582 249 3623 ex
273 3570 499 3639 propriis
527 3572 649 3638 ejus
675 3567 911 3640 praediis
937 3571 1114 3623 vicum
1142 3568 1381 3623 Sirnsam
1409 3569 1728 3637 impetravit.
1775 3567 1854 3622 Ita
1872 3577 2086 3621 eremus
2116 3577 2253 3633 paa-

41 3657 181 3713 tatim
225 3658 275 3711 in
316 3656 636 3713 coenobium
681 3659 817 3713 verti
860 3659 1055 3726 coepit.
1127 3655 1322 3712 Factus
1367 3657 1673 3726 episcopas,
1720 3654 1997 3709 Benedicti
2026 3654 2256 3710 nomine

42 3761 163 3803 ans
208 3748 315 3816 est3
371 3760 497 3802 nam
542 3745 680 3816 apud
727 3745 1084 3817 Memmium,
1129 3743 1451 3801 metensium
1498 3748 1874 3816 episcoporum
1920 3744 2251 3812 scriptorem,

41 3834 257 3892 refertur
273 3838 390 3905 ejus
414 3836 836 3906 instrumentum,
865 3835 922 3890 in
949 3848 1058 3903 quo
1079 3831 1420 3905 Benedictus,
1450 3835 1671 3889 sanctae
1692 3831 1953 3890 Ueiensis
1979 3829 2253 3887 ecclesiae

39 3923 242 3996 praesul
279 3923 508 3995 humilis,
553 3939 582 3980 a
622 3923 872 3980 Rothilda
907 3922 1104 3978 illustri
1142 3921 1378 3979 foemina
1405 3926 1463 3978 et
1498 3921 1623 3978 tiliis
1655 3925 1771 3989 ejus
1808 3919 2167 3990 nachoringas
2196 3923 2250 3977 ia

39 4027 169 4084 pago
195 4013 436 4069 salnensi
464 4013 679 4083 aliaque
704 4012 759 4068 S.
790 4010 1061 4082 Stephano
1091 4024 1190 4068 seu
1216 4011 1272 4067 S.
1299 4009 1520 4067 Arnulfo
1549 4009 1745 4065 donata
1770 4007 1954 4066 refert.

167 4102 218 4158 8.
267 4101 396 4158 Post
420 4101 816 4158 abdicationem
842 4103 897 4156 iu
920 4115 1159 4157 eremum
1185 4101 1362 4170 rediit,
1389 4099 1590 4169 ibique,
1619 4098 1761 4168 quod
1790 4098 2055 4170 reliqum
2085 4100 2246 4170 vitae,

38 4194 222 4262 exegit,
259 4192 499 4262 obiitque
538 4206 585 4249 a.
614 4191 677 4248 D.
708 4190 826 4247 940.
857 4193 1016 4247 tertia
1043 4191 1286 4262 Augusti,
1327 4187 1573 4258 sepultus
1602 4186 1676 4242 ibi
1704 4201 1736 4242 a
1764 4190 1918 4244 socio
1942 4203 2057 4260 suo,
2087 4189 2247 4245 tertio

39 4283 246 4337 eremita
285 4279 610 4352 Eberhardo,
653 4294 722 4337 ex
760 4283 1072 4353 praeposito
1101 4279 1559 4349 Argentoratensi.
1650 4275 1803 4333 llaec
1837 4275 2245 4346 Guillimannus,

41 4371 122 4440 qui
148 4367 365 4426 liudolfo
406 4373 594 4441 primo,
636 4369 972 4439 Burgundiae
1014 4369 1404 4438 Transjuranae
1447 4363 1589 4439 regi,⁸
1610 4367 1938 4425 “Bennonem
1985 4367 2249 4436 sanguine

43 4461 357 4528 conjunctum
398 4459 542 4515 credi
571 4458 732 4530 addit,
772 4459 938 4530 idque
963 4461 1123 4516 etiam
1152 4457 1411 4531 approbat
1442 4457 1750 4518 Browerns:
1791 4458 1935 4530 quod
1962 4459 2011 4510 si
2037 4459 2112 4510 ita
2140 4459 2239 4526 est,

173 4577 416 4613 nuans
445 4576 671 4610 ursan
699 4578 824 4612 τοι.
853 4565 915 4610 n.
1734 4569 1812 4633 25
