2817 4959
639 315 1175 385 ANNALES
1240 316 1701 387 luminii
2152 319 2282 389 50?

41 487 217 546 urbis
268 488 537 562 impliciti,
577 491 869 562 propensio
907 489 976 548 ad
1014 504 1235 564 pacem
1274 493 1343 549 ad
1371 506 1530 563 quem
1558 492 1755 549 missus
1787 504 1821 549 a
1843 504 1975 563 rege
2000 491 2280 565 notgerius
2303 495 2372 566 Α,
2394 493 2534 573 242,

41 578 432 636 aurlunensis
460 591 644 635 comes
669 581 727 635 in
752 579 1023 650 legatione
1051 580 1334 637 defunctus
1360 587 1493 638 erat.
1531 580 1839 652 Perpuierat
1856 586 2034 640 tamen
2052 585 2285 641 animum

41 682 137 722 ma
172 671 391 738 sponte
418 681 515 724 sua
534 667 602 723 ad
618 680 799 737 regem
828 669 1151 725 inclinantis.
1208 669 1397 741 Itaque
1423 669 1726 726 Ludovicus
1743 670 1966 726 Rodomi
1990 671 2287 730 honorifice

41 758 347 828 acipitur:
387 770 456 813 eo
484 757 646 812 etiam
687 754 932 813 Britones
968 772 1088 813 cum
1117 758 1229 812 suis
1256 758 1588 828 principibus
1614 772 1829 831 venere,
1870 760 1961 830 qui
1991 765 2117 816 tunc
2142 759 2287 817 Nor-

39 859 369 901 aannorum
412 845 601 901 ducem
641 843 907 902 colebant.
979 844 1144 902 Affuit
1189 848 1350 903 etiam
1386 846 1704 904 Guiiielmus
1740 840 2110 905 Pictaiiensis.
2185 848 2285 906 His

39 936 345 990 maritatus
386 948 481 990 rex
520 931 587 989 ad
628 931 831 990 iseram
872 934 1162 992 contendit.
1235 933 1296 990 In
1331 934 1580 1006 opposita
1608 937 1722 1005 ripa
1750 935 2108 993 consederant
2132 936 2288 1006 Ilugo

39 1027 83 1078 tt
118 1021 477 1092 Hei-ibertus,
515 1021 827 1092 auxilioque
852 1022 964 1079 illis
991 1023 1178 1080 aderat
1204 1023 1330 1080 Otto
1358 1022 1784 1080 Lethariensium
1811 1025 1932 1096 «lux,
1970 1027 2118 1095 regis
2146 1024 2286 1081 Ger-

37 1111 270 1168 uaniae
304 1112 495 1179 jussu3
536 1109 769 1166 noudum
807 1111 949 1167 euim
988 1111 1289 1169 Ludovicus
1328 1127 1501 1184 nuper
1539 1126 1827 1183 aggressor
1869 1118 1925 1171 et
1963 1112 2137 1169 bostis
2165 1128 2285 1171 cum

39 1214 98 1256 io
148 1202 216 1254 in
261 1199 487 1267 gratiam
530 1198 777 1256 redierat.
885 1199 995 1256 Sed
1040 1204 1166 1257 tunc
1204 1199 1422 1257 Damasi
1463 1204 1765 1259 interventu
1811 1207 1867 1259 et
1909 1204 2284 1274 episcoporum

37 1289 338 1358 mnusque
374 1288 525 1357 regni
562 1287 860 1344 hortatibus
900 1289 971 1345 (le
1008 1302 1147 1358 pace
1184 1292 1272 1360 agi
1315 1291 1511 1361 coepit.
1598 1289 1888 1347 Horebant
1932 1294 1990 1347 et
2033 1289 2286 1361 publicae

37 1377 414 1448 :alamitates‚
459 1375 631 1433 fames
671 1375 1016 1447 grassabatur
1053 1391 1151 1449 per
1186 1377 1465 1435 Franciam
1506 1383 1563 1435 et
1602 1379 1971 1451 Romanuin,
2015 1377 2284 1449 boumque

37 1464 359 1522 mortalitas
384 1466 575 1535 ingens
604 1470 660 1522 et
686 1468 785 1523 toti
813 1478 954 1537 pene
979 1467 1167 1536 genui
1199 1468 1532 1524 interneciva
1558 1471 1720 1524 etiam
1747 1467 2048 1525 bominibus
2073 1473 2288 1539 pestem

37 1554 374 1611 minabatur.
444 1555 698 1611 Videmus
739 1553 1017 1611 Franciam
1056 1554 1147 1610 bic
1172 1555 1509 1625 Burgundiae
1544 1558 1762 1628 opponi.
1831 1556 2006 1613 Etiam
2032 1557 2287 1628 Aquitani

35 1659 67 1700 a
96 1643 339 1700 Francis
380 1641 855 1711 distinguebantur.
925 1641 1147 1699 Habilio
1187 1643 1242 1699 in
1272 1643 1617 1702 Cluuiacensi
1644 1644 1859 1700 archivo
1887 1644 2099 1701 tabulas
2125 1643 2285 1712 hujus

35 1733 177 1788 anui
218 1735 442 1802 reperit,
479 1730 574 1788 ubi
612 1734 669 1786 in
696 1730 915 1787 Roiiaco
942 1731 1073 1787 villa
1097 1731 1514 1789 Matisconensis
1550 1735 1832 1791 comitatus
1873 1733 2080 1805 aliquot
2113 1733 2288 1789 mansi

35 1823 250 1878 ‹lantm-
277 1820 549 1877 ecclesiae
568 1818 907 1877 cluniacensi
936 1820 991 1877 S.
1010 1821 1151 1878 Petri
1177 1825 1233 1878 et
1259 1821 1315 1878 S.
1333 1821 1482 1878 Pauli
1520 1825 1575 1877 et
1612 1828 1943 1878 caeterorum
1963 1825 2287 1894 unctorum,

35 1923 282 1981 quorum
304 1922 530 1979 corpora
558 1912 614 1963 et
637 1906 898 1978 reliquias
923 1912 1177 1982 continet,
1205 1908 1298 1966 ubi
1324 1909 1618 1980 Bymardus
1644 1909 1815 1966 abbas
1844 1916 1930 1967 est
1954 1909 2284 1980 temporibus

33 1998 334 2068 udovici,
374 1997 649 2054 Franciam
689 2001 747 2054 et
781 1998 1118 2068 Aquitaniam
1158 2001 1415 2069 regentis.
1484 1998 1804 2070 Bymarttum
1840 1997 1944 2055 sibi
1971 1999 2132 2070 paulo
2160 2000 2287 2056 ante

34 2087 172 2145 Odo
201 2084 432 2143 suffecit.

195 2174 253 2231 6.
324 2176 612 2231 Anuitente
637 2174 799 2244 igitur
823 2174 1072 2247 Damaso,
1100 2177 1326 2248 primum
1350 2175 1603 2233 induciae
1630 2180 1844 2249 coeunt,
1869 2175 1995 2232 hinc
2017 2174 2288 2233 Lndovico

38 2269 105 2321 et
134 2263 431 2320 willielmo
470 2262 791 2334 Normanno,
830 2264 982 2319 illinc
1020 2266 1243 2332 Rusone
1285 2263 1425 2320 Albo
1466 2263 1687 2321 obsides
1715 2262 1902 2322 Ottoni
1928 2265 2041 2334 regi
2068 2267 2290 2322 mitten-

40 2352 221 2409 tibus.
296 2351 607 2409 Heribertus
629 2355 740 2421 jam
768 2350 933 2408 filium
962 2355 1219 2410 minorem
1247 2351 1520 2410 Ludovico
1548 2353 1786 2409 dederat.
1859 2353 1991 2409 Tum
2019 2366 2150 2409 vero
2177 2353 2291 2408 Lu-

43 2443 286 2498 dovicus
305 2440 487 2498 Ottoni
506 2441 716 2498 obviam
734 2439 1106 2511 proficiscitur.
1170 2441 1415 2498 visetum
1430 2440 1748 2499 Leodieasis
1768 2441 2092 2499 dioeceseos
2110 2443 2290 2499 locum

44 2542 385 2601 congressus
411 2530 698 2586 Nomanui
738 2533 1034 2599 scriptores
1069 2528 1286 2600 liabent,
1324 2532 1381 2585 et
1415 2531 1674 2602 colloquii
1710 2529 1933 2587 formam
1961 2530 2289 2588 describunt.

43 2620 238 2689 Reges
257 2621 313 2677 in
332 2633 516 2691 campo
536 2618 642 2673 sibi
660 2623 1027 2689 occurrentes,
1051 2617 1239 2672 osculo
1262 2619 1496 2673 invicem
1524 2618 1665 2681 dato,
1695 2618 1760 2673 ad
1789 2618 1966 2675 locum
1994 2631 2288 2674 consessus

46 2709 297 2765 veniunt.
355 2706 435 2763 lbi
453 2709 666 2777 agitatis
683 2707 824 2762 ultro
844 2708 1087 2777 citroque
1105 2705 1502 2762 conditionibus
1519 2721 1625 2777 pax
1645 2704 1892 2761 firmatur.
1948 2705 2073 2761 Otto
2092 2706 2291 2764 deiude

52 2795 284 2853 multum
308 2797 364 2851 in
392 2795 619 2864 nugone
644 2797 759 2865 regi
789 2795 1126 2852 conciliando
1156 2793 1426 2864 laborans,
1466 2794 1680 2850 tandem
1718 2795 2051 2863 propositum
2086 2806 2291 2851 couse-

55 2887 267 2957 quitum
305 2886 463 2942 simul
496 2884 809 2941 Heribertus
851 2898 970 2940 cum
1012 2883 1123 2938 tilio
1152 2881 1435 2939 Heriberto
1471 2885 1588 2952 regi
1617 2894 1679 2938 se
1708 2881 1986 2953 submittit,
2027 2881 2288 2937 liudolfus

57 2978 224 3031 etiam
243 2973 608 3031 laudunensis
629 2974 920 3045 episcopus
938 2986 971 3027 a
988 2984 1119 3040 rege
1136 2973 1450 3027 restituitur.
1522 2972 1581 3028 Si
1598 2971 1916 3028 Nor-annis
1935 2969 2288 3041 scriptoribus

60 3063 347 3134 credimus,
372 3062 645 3119 wilhelmi
664 3061 798 3118 fides
820 3066 877 3117 et
894 3063 1153 3117 autoritas
1181 3060 1462 3130 plurimum
1491 3061 1632 3132 apud
1650 3061 1903 3118 ottonem
1930 3060 2119 3132 potuit,
2149 3058 2290 3116 effe-

64 3154 318 3221 ceratque
344 3151 464 3223 dux,
491 3154 659 3208 misso
687 3153 743 3208 in
770 3148 1103 3207 Germaniam
1119 3149 1348 3219 Tetgero
1375 3149 1629 3217 magistro
1649 3149 1849 3221 palatii,
1884 3153 1944 3204 ut
1968 3148 2121 3205 locus
2152 3162 2289 3206 cou-
2391 3200 2400 3207 .

67 3240 275 3310 gressui
302 3238 582 3312 diceretur,
625 3243 682 3296 et
720 3241 775 3295 in
803 3241 927 3310 ipso
954 3242 1221 3294 conventu
1249 3239 1650 3294 conciliatorem
1679 3236 2027 3308 partibusque
2053 3237 2288 3297 medium

66 3330 188 3398 egit.
261 3326 392 3383 Inde
431 3327 696 3399 baptismo
733 3326 969 3384 Lotbarii
1007 3339 1180 3398 nuper
1204 3328 1321 3395 regi
1345 3328 1460 3381 nati
1487 3325 1649 3399 ail'uit,
1674 3338 2009 3398 puerumque
2037 3338 2106 3380 ex
2131 3339 2289 3381 sacro

68 3414 215 3472 tonte
245 3419 497 3487 suscepit.
570 3416 637 3472 Et
666 3430 730 3473 ea
760 3419 875 3474 erat
899 3417 1138 3487 potentia
1157 3414 1444 3487 wilhelmi,
1471 3419 1533 3471 ut
1560 3418 1721 3472 etiam
1748 3429 1844 3486 pro
1873 3414 2092 3471 arbitrio
2120 3412 2293 3469 Roto-

70 3517 368 3573 mageusem
396 3504 929 3578 archiepiscopatum,
957 3507 1193 3561 extincto
1214 3502 1535 3576 Guutbardo,
1563 3502 1835 3561 conferret
1852 3505 2060 3572 {ingoni
2079 3501 2289 3557 cuidam

67 3592 119 3649 S.
140 3592 379 3663 Dionysii
419 3594 678 3651 monacho
720 3596 973 3665 prosapia
1013 3594 1174 3665 claro,
1215 3592 1314 3648 sed
1343 3592 1597 3662 operibus
1624 3592 1851 3661 ignobili
1878 3596 1936 3648 et
1960 3589 2287 3662 propudiosa

62 3684 282 3753 virenti,
307 3683 448 3750 regis
473 3689 652 3739 tamen
679 3684 1014 3740 autoritatem
1045 3686 1098 3739 et
1125 3694 1410 3739 assensum
1439 3683 1745 3739 accessisse
1772 3686 1920 3752 puto.

205 3772 257 3827 7.
324 3771 439 3827 Hac
476 3777 686 3828 aestate
714 3772 1038 3828 Graecorum
1066 3780 1235 3828 naves
1262 3771 1332 3827 ad
1349 3770 1673 3841 Tyrrhenum
1700 3770 1788 3825 vel
1809 3768 2133 3839 Ligusticum
2158 3766 2288 3823 litus

65 3874 185 3917 cum
228 3862 346 3928 igne
392 3857 601 3916 Graeco
646 3859 920 3932 appulere,
966 3859 1160 3932 qulbus
1202 3861 1355 3930 lingo
1402 3873 1530 3916 suas
1575 3858 1848 3928 adjunxit3
1899 3856 2188 3927 classeque
2216 3857 2286 3914 ad

64 3948 394 4005 Fraxinetum
425 3949 555 4004 mari
585 3947 935 4005 obsidendum
960 3948 1221 4021 proiecta,
1259 3952 1379 4020 ipse
1406 3949 1648 4004 terrestri
1675 3948 1869 4003 itinere
1897 3959 2017 4002 cum
2044 3948 2287 4003 exercitu

67 4037 307 4109 accessit,
334 4040 390 4092 et
416 4036 683 4093 obsidioni
711 4035 958 4108 praefuit.
1028 4037 1417 4095 Saracenorum
1443 4050 1612 4094 naves
1639 4038 1762 4104 igne
1790 4037 2029 4092 immisso
2058 4036 2287 4092 combu-

66 4129 280 4182 runtur..
327 4124 564 4182 Tandem
600 4126 789 4182 urbem
831 4131 1039 4197 captam
1077 4140 1173 4183 rex
1212 4126 1521 4198 ingreditur,
1564 4126 1655 4196 qui
1683 4128 1999 4196 supererant
2032 4124 2286 4181 Saraceni

66 4216 200 4272 mari
226 4213 425 4270 exclusi
452 4227 518 4271 se
544 4216 602 4270 in
629 4218 865 4272 montem
889 4214 1128 4274 Naurum
1155 4214 1355 4286 oppido
1381 4216 1627 4286 vicinum,
1667 4213 1722 4268 id
1741 4218 1826 4270 est
1851 4215 1908 4270 in
1924 4226 2119 4285 arcem,
2148 4227 2287 4268 con-

65 4305 267 4375 jiciunt.
336 4302 416 4359 lbi
456 4308 710 4376 poteraut
745 4304 1119 4362 internecione
1160 4304 1347 4361 deleri.
1420 4303 1528 4360 Sed
1557 4302 1710 4374 Hugo
1739 4317 1857 4360 cum
1886 4303 1954 4358 iis
1976 4304 2286 4373 paciscitur,

72 4394 131 4449 et
154 4391 434 4449 conductos
462 4406 571 4450 non
598 4406 800 4464 paucos
825 4393 883 4450 in
903 4393 1092 4451 ltaliae
1121 4391 1330 4463 tinibus,
1359 4405 1465 4463 qua
1492 4393 1718 4464 Alpibus
1740 4406 1774 4450 a
1791 4392 1990 4450 suevia
2018 4388 2282 4460 dividitur,

75 4486 310 4553 tanquam
348 4483 406 4540 in
442 4482 717 4554 praesidio
757 4481 1009 4556 collocat,
1053 4485 1113 4539 ut
1153 4481 1506 4554 Berengarins
1546 4483 1693 4540 aditu
1732 4479 2120 4539 excluderetur.
2205 4478 2286 4535 lbi
