2817 4959
458 281 585 350 iffi
1033 277 1567 347 ANNALES
1626 275 2087 347 innuit

203 454 272 525 A.
293 454 427 525 899.
455 456 657 530 prande
677 454 1096 525 credimus‚ipse
1123 453 1431 522 Bereagarii
1459 465 1626 523 gener
1649 452 1863 508 habitus
1890 452 1977 509 est
2003 448 2341 521 adelbertus,
2365 447 2679 523 Eporediae

448 545 701 616 marchio,
746 546 838 616 qui
866 542 1102 601 Giselam
1129 544 1248 612 ejus
1278 541 1441 597 tiliam
1467 544 1523 596 in
1570 543 1904 597 matrimonio
1928 538 2194 596 habehat:
2242 552 2310 595 eo
2336 541 2512 594 minus
2540 538 2673 596 aliis

447 632 714 690 rebellare
740 631 930 702 pudori
975 631 1091 687 fuit.
1159 622 1505 687 Adalbertum
1544 629 1684 685 hunc
1717 628 2044 699 juvenilibus
2086 629 2241 684 anuis
2280 630 2413 684 mira
2450 630 2671 687 virtutis

447 721 895 792 humanitatisque
923 720 1064 777 sama
1106 718 1367 788 floruisse,
1409 717 1762 788 Luitprandus
1795 717 2014 783 scribit;
2060 716 2160 773 sed
2188 721 2440 786 provecta
2466 720 2670 791 aetate,

447 812 523 867 ita
549 824 761 866 versam
790 810 1253 879 existimationem,
1298 810 1357 861 ut
1400 805 1624 875 perfidia
1653 809 1770 873 eius
1801 808 1963 861 etiam
1989 820 2023 860 a
2051 806 2230 876 pueris
2274 805 2671 863 decantaretur.

431 900 578 956 -Nam
605 899 677 954 de
704 913 771 954 eo
803 897 930 953 ferri
959 896 1206 952 solitum:
1235 894 1578 964 Adulter-eus,
1603 896 1770 948 conu's
1795 897 1982 965 curtis,
2009 894 2427 965 meremoth-r,
2453 896 2671 949 nicro-

438 990 654 1058 pi‘stqs..
711 986 824 1055 Ego
851 999 1058 1054 vereor,
1103 988 1161 1039 ut
1187 981 1405 1037 multum
1434 980 1592 1037 tribui
1636 983 1923 1037 narrationi
1950 980 2258 1053 Luitprandi
2284 982 2476 1051 possit.
2529 982 2671 1038 Na·

440 1078 502 1133 in
526 1077 696 1132 altera
723 1074 976 1130 Ludovici
1005 1072 1343 1141 expeditione
1363 1083 1615 1138 generum
1644 1084 1836 1125 socero
1858 1069 2077 1140 favisse,
2104 1070 2304 1126 diserte
2322 1068 2485 1126 habet
2500 1075 2671 1139 poeta

445 1164 888 1233 Berengarianus.
961 1160 1097 1216 illud
1128 1164 1351 1228 constat,
1379 1163 1600 1228 primam
1628 1160 1829 1214 irritam
1858 1157 2044 1216 fuisse.
2114 1159 2315 1215 Aderat
2343 1158 2669 1228 Berengarie

442 1253 578 1308 alter
603 1250 922 1307 Adalbertus
951 1252 1144 1319 potens
1172 1246 1405 1303 marchio
1435 1248 1741 1316 Tuscorum,
1770 1247 2017 1304 libertate
2046 1262 2215 1318 nuper
2240 1247 2449 1303 reddita
2475 1251 2533 1304 et
2560 1248 2670 1305 do-

437 1343 526 1399 nis
557 1342 718 1395 etiam
749 1338 1082 1394 conciliatus„
1156 1335 1457 1413 Ludovicus
1500 1341 1555 1403 in
1595 1341 1796 1392 arctum
1839 1334 2165 1409 compulsus,
2209 1335 2533 1407 Luitprando
2561 1350 2671 1393 au-

439 1432 574 1500 tore,
605 1426 800 1484 abitum
825 1427 1146 1483 incolumem
1173 1429 1361 1496 pactus
1390 1430 1492 1496 est,
1530 1428 1735 1494 ejurata
1775 1424 1950 1481 ltalia.
2020 1423 2171 1489 Quae
2211 1426 2263 1479 si
2302 1437 2432 1481 vera
2469 1424 2667 1498 forent,

439 1518 661 1587 perjurii
689 1516 885 1571 deinde
913 1514 1377 1584 exprobrationem
1406 1517 1568 1584 poeta
1594 1528 1702 1569 non
1731 1515 2023 1570 omisisset.

582 1606 631 1660 2.
704 1605 766 1660 In
795 1602 967 1659 Gallia
988 1606 1098 1670 jam
1129 1600 1352 1657 Carolus
1380 1605 1500 1657 sine
1529 1604 1892 1659 controversia
1919 1599 2193 1673 regnabat.
2265 1600 2394 1674 Ipse
2433 1614 2669 1659 sueces-

436 1704 614 1749 sorem
646 1706 708 1746 se
737 1691 940 1747 Odonis
971 1693 1202 1762 agnovit,
1230 1692 1286 1746 in
1313 1691 1599 1761 Aquitania
1628 1691 1818 1757 credo;
1860 1704 1985 1746 nam
2011 1689 2300 1763 diplomata
2328 1695 2447 1761 ejus
2476 1695 2667 1749 extant

433 1780 540 1837 hoc
558 1795 696 1836 anno
725 1781 864 1851 data,
892 1778 1049 1849 quale
1080 1784 1165 1836 est
1192 1778 1332 1850 apud
1352 1777 1618 1835 catellum
1634 1778 2186 1836 historicum-Gothiae
2213 1784 2404 1835 odwo
2428 1779 2515 1835 Id.
2532 1778 2666 1837 June.

435 1871 619 1926 indict.
662 1871 714 1940 2,
752 1882 898 1924 anno
934 1869 1153 1937 septimo
1192 1872 1453 1937 requam
1497 1869 1694 1925 carolo
1737 1871 2091 1939 meandum,
2135 1872 2187 1923 et
2231 1871 2290 1924 in
2320 1874 2669 1926 successione

433 1956 644 2014 ottonis
668 1956 917 2014 secundo.
991 1954 1187 2012 Postea
1213 1962 1391 2011 tamen
1422 1958 1605 2012 maluit
1631 1972 1727 2027 pro
1758 1959 2108 2014 successione
2150 1954 2353 2013 odonis
2378 1970 2669 2017 numerare

430 2047 781 2116 redintegrati
819 2046 970 2116 regni
998 2058 1183 2101 annos.
1272 2043 1388 2099 Hoc
1435 2050 1613 2100 autem
1657 2058 1784 2101 vere
1814 2045 2023 2113 legatos
2069 2047 2230 2116 misit,
2259 2044 2665 2105 Haischericum

434 2138 748 2207 episcopum
772 2138 965 2205 (quem
994 2131 1174 2189 Caroli
1221 2131 1745 2189 archicancellarium
1772 2136 1989 2189 invenio
2017 2148 2067 2190 a.
2090 2133 2153 2191 D.
2182 2133 2319 2203 907)
2338 2139 2403 2192 ‚et
2442 2133 2667 2193 Odaca-

433 2238 549 2279 rum
577 2226 855 2288 comitem
904 2224 995 2292 qui
1040 2220 1107 2276 ad
1135 2219 1314 2276 sanum
1343 2220 1397 2276 S.
1442 2219 1630 2275 Goaris
1661 2236 1778 2276 cum
1806 2221 2158 2279 Zuentiboldo
2185 2237 2317 2293 rege
2341 2222 2666 2282 Austrasio·

432 2325 550 2366 rum
579 2315 633 2366 et
659 2310 852 2376 legatis
879 2307 1080 2364 Arnulfi
1110 2310 1464 2380 imperatoris,
1492 2308 1721 2366 Hattone
1751 2308 2157 2385 archiepiscopo
2187 2316 2244 2367 et
2271 2311 2523 2370 fratribus
2556 2329 2664 2372 co-

432 2397 649 2454 mitibus
680 2395 923 2452 Conrado
951 2400 1007 2451 et
1036 2393 1368 2469 Gebebardo,
1398 2397 1727 2468 colloquium
1753 2400 2110 2470 nequicquam
2138 2399 2392 2457 habuere.

434 2516 440 2525 ·
573 2485 622 2541 3.
696 2484 885 2554 ltaque
914 2482 1110 2539 frustra
1139 2488 1342 2539 tentata
1371 2484 1602 2541 Odocari
1643 2492 1699 2542 et
1728 2492 2060 2544 caeterorum
2086 2488 2430 2559 profugorum
2455 2504 2661 2551 recon-

433 2573 727 2643 ciliatione,
775 2571 1158 2629 zuentibaldus
1203 2574 1395 2629 iterum
1442 2572 1637 2630 DurIos
1678 2573 1907 2633 obsedit.
1980 2574 2116 2635 Cum
2173 2570 2334 2633 nihil‘
2352 2578 2659 2655 proficeret,

432 2661 765 2730 Reginarium
796 2665 851 2716 et
868 2659 1166 2716 Odocarum
1193 2665 1249 2717 et
1276 2665 1523 2719 caeteros
1551 2662 1886 2721 anathemate
1911 2668 2116 2735 percuti
2137 2668 2304 2736 ¹iussit
2321 2685 2338 2738 ;
2358 2672 2422 2724 et
2444 2683 2660 2740 negan-

430 2750 573 2807 tibus
602 2750 893 2823 episcopis,
913 2752 976 2806 in
1002 2752 1172 2805 minas
1202 2750 1659 2822 contumeliasque
1676 2756 1933 2823 prorupit.
2005 2753 2285 2812 Annalista
2312 2770 2381 2813 eo
2406 2758 2658 2815 insolen-

430 2841 541 2896 tiae
570 2841 907 2911 processisse
935 2839 1138 2910 scribit,
1161 2844 1218 2894 ut
1246 2841 1408 2909 capiti
1437 2839 1663 2896 Ratbodi
1690 2841 2081 2915 archiepiscopi
2109 2845 2405 2915 scipionem
2420 2846 2655 2905 illiserit.

432 2926 550 2984 Hoc
578 2933 834 3000 tempore,
881 2928 1095 2998 deiecto
1123 2927 1398 2996 Regiuone
1429 2928 1663 2985 factione
1690 2944 1988 3002 procerum,
2021 2930 2312 3007 Richarius,
2348 2933 2514 2991 frater
2540 2934 2657 2994 Ge-

429 3017 574 3073 rardi
600 3023 656 3072 et
680 3016 929 3088 Mattridi,
953 3015 1282 3072 &eminete
1310 3016 1480 3074 abbas
1509 3020 1862 3090 constituitur,
1882 3023 2076 3090 postea
2093 3019 2413 3080 Leodiensis
2431 3026 2657 3094 episco-

428 3118 549 3176 pus.
622 3105 825 3173 Regino
849 3118 975 3161 sese
1003 3105 1058 3160 in
1087 3105 1139 3159 S.
1162 3103 1433 3160 Maximini
1457 3110 1837 3163 monasterium
1865 3112 2084 3180 recepit,
2114 3114 2169 3164 et
2197 3126 2294 3181 per
2312 3114 2479 3169 otium
2496 3112 2655 3171 libris

429 3191 729 3267 scribendis
759 3206 975 3262 operam
1005 3192 1167 3246 dedit.
1240 3192 1371 3262 Ejus
1398 3191 1623 3250 historia
1651 3195 1843 3251 dudum
1883 3197 1937 3251 in
1984 3198 2214 3253 omnium
2245 3199 2489 3256 manibus
2519 3216 2654 3259 ver·

430 3284 607 3350 satur3
637 3281 835 3351 scripta
863 3283 1039 3336 tamen
1067 3278 1629 3352 negligentius,·quam
1650 3286 1859 3338 tantum
1877 3285 2051 3339 virum
2078 3283 2320 3341 decebat.
2395 3287 2546 3359 Opus
2580 3292 2655 3350 de

430 3366 714 3439 disciplina
761 3366 1138 3425 ecclesiastica
1179 3382 1247 3424 ex
1288 3374 1644 3443 manuscripto
1698 3369 1883 3426 codice
1925 3370 2233 3427 academiae
2258 3372 2433 3431 Juliae
2480 3378 2659 3439 edidit

428 3454 734 3513 joachimus
764 3454 1171 3530 HildebranduS,
1200 3458 1342 3526 quod
1360 3458 1662 3531 Stephanus
1681 3459 1947 3531 Baluzius,
1977 3459 2188 3516 collatis
2218 3461 2338 3517 aliis
2368 3468 2656 3537 exempla..

429 3545 596 3616 ribus,
622 3545 803 3601 incudi
831 3544 1040 3601 redidit.
1114 3546 1396 3603 Browerus
1439 3549 1641 3620 scribit,
1685 3553 1869 3606 nostra
1897 3552 2076 3609 aetate
2116 3548 2445 3620 epitaphium
2487 3570 2654 3613 ossa-

433 3647 540 3704 que
567 3637 622 3690 in
650 3635 900 3707 sepulcro
938 3632 1152 3705 lapideo
1193 3642 1424 3709 reperta,
1471 3652 1591 3693 cum
1635 3637 1841 3695 duabus
1883 3637 2139 3695 diffractis
2199 3640 2321 3696 litui
2366 3644 2484 3700 sive
2525 3645 2653 3719 pedi

431 3721 689 3793 partibus.

569 3813 621 3866 4.
692 3810 884 3879 Magna
910 3811 1111 3882 passim
1141 3809 1280 3867 fame
1311 3814 1364 3869 in
1396 3811 1678 3870 Germania
1706 3814 2019 3889 laboratum,
2047 3821 2108 3872 ut
2132 3817 2378 3877 homines
2404 3833 2534 3878 sese
2561 3822 2654 3879 ln-

430 3898 606 3954 vicem
635 3901 993 3958 comederent.
1065 3900 1127 3956 ln
1155 3898 1332 3956 Gallia
1358 3901 1647 3958 Normanni
1676 3906 1732 3960 in
1759 3903 2068 3977 Burgundos
2095 3922 2269 3980 usque
2288 3914 2655 3984 penetrantes,

431 3987 501 4043 ad
529 3986 583 4042 S.
612 3984 973 4045 Florentinum
1001 3991 1052 4047 5.
1079 3989 1214 4045 Non.
1242 3988 1363 4046 Jun.
1393 4005 1426 4046 a
1445 3989 1704 4049 Richardo
1726 3994 1866 4048 duce
1884 3996 2015 4050 victi
2044 4000 2183 4053 sunt.
2258 3997 2340 4054 lta
2358 3998 2654 4058 chronicon

431 4074 599 4132 breve
645 4078 847 4131 autoris
888 4078 1078 4133 incerti
1120 4078 1260 4148 apud
1303 4077 1711 4142 Quercetanum.
1783 4079 1915 4138 Rem
1960 4081 2199 4142 chronici
2242 4085 2655 4157 andegavensis

432 4167 716 4243 autoritate
741 4164 797 4218 iu
827 4162 965 4219 bunc
991 4179 1183 4221 annum
1211 4165 1462 4222 Labbeus
1482 4165 1703 4236 confert,
1722 4165 1860 4223 haud
1880 4172 2013 4241 scio,
2033 4186 2191 4242 quam
2216 4180 2382 4231 recte.
2425 4173 2656 4233 Carolus

432 4254 726 4311 inclinante
756 4266 895 4307 anno
925 4250 1167 4309 Viennae
1197 4268 1381 4326 agens,
1417 4255 1649 4310 Arnusto
1677 4255 2015 4315 Narbonensi
2040 4260 2448 4334 archiepiscopo
2476 4277 2658 4334 quae-

433 4342 553 4398 dam
582 4342 799 4398 donavit
826 4345 917 4396 aut
947 4338 1189 4412 firmavit,
1233 4343 1350 4401 Kal.
1390 4342 1524 4403 Noe.
1552 4359 1703 4403 anno
1728 4348 1946 4417 septim
1972 4354 2229 4423 remitte
2259 4351 2477 4424 Cereio,
2511 4357 2568 4411 st
2594 4358 2658 4413 i·-

430 4434 766 4487 eucceuione
795 4428 996 4487 odonis
1020 4430 1276 4488 secundm
1418 4428 1421 4431 ’
