2817 4959
654 361 1185 432 ANNALES
1256 363 1718 435 IMPERH
2168 370 2287 434 54¹

49 536 342 609 hurulfus,
383 536 542 595 bomo
580 542 787 611 acutus,
827 538 1074 596 inanibus
1111 541 1391 611 promissis
1433 539 1545 595 sibi
1575 542 1897 599 contemtum
1922 542 2088 614 atque
2107 543 2292 600 odium
2319 544 2386 614 Α,
2405 544 2541 616 ele.

49 629 427 693 necersisset3
476 632 565 681 ant
608 642 713 697 quo
755 631 976 699 stupore
1002 628 1146 698 Otto,
1183 627 1316 683 nulli
1354 629 1651 701 principum
1691 630 1972 698 prudentia
2010 633 2296 704 secundus,

49 719 145 773 uri
176 714 413 772 Amulio
450 728 607 771 aures
645 714 1000 786 praebuisset.
1070 715 1179 772 Sed
1207 715 1365 771 bomo
1391 716 1742 789 Normaunns,
1782 719 1907 774 odio
1935 722 1992 775 in
2018 719 2295 777 Amulium

49 807 409 876 excaecatus,
448 803 655 872 quidvis
693 803 902 860 effutire
931 817 1037 860 non
1063 803 1339 875 dubitavit,
1368 806 1594 874 quodin
1620 807 1742 873 ejus
1770 805 2004 863 dedecus
2031 814 2295 878 vergeret.

47 892 168 948 Ros
209 890 617 963 expeditionem
643 893 799 961 nugis
827 895 1039 949 exutam
1067 906 1134 949 ex
1162 890 1269 948 fide
1296 891 1470 961 dignis
1493 891 1761 949 dabimus.

199 981 257 1039 8-
317 978 445 1035 Otto
462 981 621 1049 igitur
637 993 818 1036 secum
839 978 1042 1035 babens
1062 979 1363 1037 conradum
1391 978 1728 1049 Burgundiae
1751 980 2076 1054 subalpinae
2094 996 2292 1056 regem,

47 1069 445 1125 Herimaunum
485 1068 673 1123 ducem
717 1072 775 1123 et
830 1066 1049 1124 fratrem
1098 1071 1218 1138 ejus
1259 1068 1516 1141 udonem,
1567 1067 1918 1126 cameracum
1956 1073 2118 1144 venit,
2165 1073 2294 1130 inde

47 1157 338 1213 hudovico
384 1167 528 1224 rege,
567 1156 785 1212 Artaldo
826 1154 1252 1229 archiepiscopo,
1290 1154 1513 1213 Amulio
1561 1156 1789 1213 Fiandro
1848 1157 2078 1229 aliisque
2136 1159 2295 1229 hujus

45 1245 323 1301 factionis
347 1242 662 1313 proceribus
706 1244 810 1301 sibi
841 1245 1124 1317 adjunctis,
1164 1257 1354 1315 magno
1397 1258 1518 1301 cum
1548 1247 1785 1301 exercitu
1827 1246 1883 1301 in
1919 1245 2197 1316 lingonem
2237 1251 2294 1304 et

45 1332 339 1390 Her-iberti
359 1331 499 1387 iiiios
520 1339 713 1388 movet.
755 1332 885 1389 Cum
904 1331 1045 1389 ultra
1064 1334 1277 1403 triginta
1295 1333 1463 1389 millia
1477 1347 1693 1389 suorum
1712 1333 2291 1406 eduxeritffiailorum-

45 1437 166 1494 que
195 1421 415 1477 auxiliis
437 1423 725 1477 exercitum
746 1422 965 1492 auxerit,
988 1419 1150 1477 facile
1183 1421 1515 1492 crediderim,
1537 1420 1903 1491 acl-sexaginta
1921 1422 2088 1479 millia
2113 1422 2300 1479 bourie

45 1524 186 1566 num
206 1509 525 1565 ascendisse
554 1509 754 1582 copias,
783 1522 914 1580 quas
934 1508 1100 1581 aliqui
1127 1510 1194 1565 ad
1223 1513 1435 1566 centum
1463 1509 1630 1565 millia
1657 1507 1920 1565 attollunt.
1981 1510 2144 1580 linge
2172 1526 2293 1567 cum

45 1600 193 1672 suis,
223 1597 482 1669 quicquid
503 1598 804 1670 jactaverit,
831 1597 1047 1668 prodire
1073 1601 1130 1655 in
1156 1613 1397 1671 campum
1423 1600 1856 1669 ausus-nonest,
1873 1597 2290 1670 prudentebaud

48 1685 229 1743 dubie
271 1685 519 1756 consilio,
548 1688 737 1742 tenens
780 1697 844 1742 se
880 1687 1237 1750 munimentis,
1284 1686 1406 1743 dum
1450 1690 1596 1743 tanta
1638 1689 1931 1757 tempestas
1972 1686 2291 1744 desaeviret.

48 1773 249 1830 ottoni
279 1772 417 1830 baud
446 1786 478 1828 e
506 1788 565 1830 re
591 1777 764 1830 visum
792 1777 1001 1846 tempus
1028 1774 1402 1831 obsidionibus
1429 1780 1621 1832 terere.
1695 1773 1777 1831 lta
1800 1773 2006 1831 relicto
2033 1774 2290 1832 lauduno

50 1861 426 1934 (witikindus
456 1862 763 1932 Lugdunum
789 1867 968 1927 vocat,
1007 1862 1284 1922 Clavatum
1313 1862 1559 1932 scilicet)
1597 1860 1970 1920 recta‹Remos
1997 1861 2290 1933 »proiectus

50 1955 177 2017 est3
206 1951 353 2021 quod
379 1950 511 2022 pelli
541 1951 815 2021 lingonen
842 1949 1109 2008 Heriberti
1136 1950 1300 2008 tilium
1328 1950 1406 2007 ibi
1441 1953 1698 2009 intrusum
1733 1963 1825 2008 res
1862 1952 2147 2021 pri-ariae
2187 1965 2286 2007 ee·

55 2038 270 2096 clesiae
297 2041 349 2094 in
380 2039 652 2096 meliorem
683 2044 879 2097 statum
906 2041 1120 2096 restitui
1152 2041 1219 2096 ad
1247 2040 1414 2096 decus
1443 2052 1595 2095 suum
1624 2043 1682 2096 et
1707 2038 2060 2097 coercendam
2088 2038 2287 2095 adver-

55 2142 177 2183 sam
206 2132 412 2197 partem
451 2127 730 2200 plurimum
769 2130 1041 2199 pertinere
1075 2128 1354 2198 judicaret.
1425 2127 1627 2185 videns
1656 2127 1826 2203 lingo,
1861 2141 1925 2184 se
1954 2126 2289 2184 obsidionem

58 2216 299 2273 tolerare
339 2226 447 2271 nou
493 2230 677 2289 posse,
716 2216 994 2272 Amulium
1033 2215 1329 2287 Flandtum,
1363 2217 1457 2286 qui
1497 2230 1737 2273 sororem
1784 2219 1922 2285 ejus,
1962 2220 2019 2271 et
2045 2214 2286 2273 Udonem

57 2304 338 2374 Francum,
365 2305 455 2374 qui
475 2306 688 2361 amitam
706 2306 761 2360 in
782 2305 1115 2361 matrimonio
1132 2303 1381 2376 babebat,
1397 2318 1499 2375 per
1519 2304 1762 2362 occultos
1787 2303 2093 2361 nuntios-de
2111 2303 2287 2361 salute

62 2408 166 2450 sua
208 2391 454 2449 consulit.
527 2391 613 2448 lili
647 2392 887 2465 suadent,
913 2397 972 2448 ut
1012 2394 1393 2465 quamprimum
1436 2392 1569 2450 urbe
1599 2392 1850 2463 decedat3
1869 2393 2183 2464 verendum,
2206 2405 2284 2450 ne

61 2483 309 2539 severius
329 2485 512 2550 agatur
529 2483 582 2538 in
604 2486 830 2552 captum,
849 2481 1100 2554 oculique
1117 2485 1384 2553 ernmtur,
1398 2485 1458 2538 ut
1470 2484 1783 2557 resurgendi
1799 2494 1930 2552 spes
1945 2481 2282 2538 adimeretur.

61 2569 257 2640 ltaque
282 2574 403 2640 post
446 2572 655 2627 tertium
684 2569 983 2627 obsidionis
1020 2570 1160 2625 diem
1196 2569 1343 2625 dedit
1362 2569 1571 2642 urbem,
1589 2574 1655 2627 -et
1682 2585 1802 2626 cnm
1830 2571 1943 2626 suis
1971 2569 2101 2626 abit.
2163 2568 2282 2633 Quo

64 2658 213 2716 iacto
253 2671 410 2726 reges
440 2674 558 2714 cum
584 2659 856 2730 episcopis
893 2662 952 2715 et
978 2655 1306 2729 principibus
1334 2657 1607 2713 Artaldnm
1634 2659 1690 2711 in
1717 2658 2123 2729 possessiouem
2148 2668 2284 2714 suae

63 2746 337 2817 dignitatis
353 2746 662 2804 mittendum
682 2747 990 2819 decernunt,
1011 2759 1168 2815 quem
1189 2745 1469 2815 liutpertus
1492 2744 1825 2801 'trevirensis
1845 2743 2281 2814 archiepiscopus
2372 2808 2378 2819 ι

63 2840 121 2893 et
154 2835 454 2893 Fridericus
490 2836 872 2905 Magoutieusis
915 2833 1304 2905 apprehensum
1341 2838 1565 2904 utraque
1608 2846 1765 2888 mann
1799 2834 1854 2888 in
1893 2845 2046 2888 suam
2091 2831 2279 2889 sedem

63 2925 428 2981 restituerunt.
500 2923 701 2992 Regina
742 2922 934 2979 deinde
977 2921 1247 2992 Gerberga
1284 2921 1466 2977 Remis
1510 2920 1715 2989 relicta,
1756 2920 2075 2989 Sylvaneoto
2101 2918 2280 2977 obiter

64 3016 287 3076 tentato,
313 3012 379 3068 ad
411 3011 729 3070 Parisiorum
763 3009 948 3068 urbem
989 3010 1265 3082 accedunt,
1292 3010 1530 3079 lingonis
1576 3009 1727 3064 ducis
1767 3006 1968 3081 sedem,
1994 3007 2093 3065 sed
2121 3022 2281 3079 quam

66 3101 163 3158 ille
190 3100 356 3156 milite
386 3106 440 3157 et
481 3105 777 3158 commeatu
806 3100 1024 3169 egregie
1055 3101 1332 3155 munierat.
1402 3098 1462 3153 Si
1502 3097 1788 3155 witikindo
1817 3097 2099 3169 credimus,
2125 3096 2280 3164 Hugo

68 3188 149 3244 ibi
193 3188 495 3259 aliquandiu
538 3188 817 3258 obsessus,
858 3187 984 3244 Otto
1011 3202 1108 3244 rex
1147 3188 1454 3244 memoriam
1481 3186 1533 3243 S.
1565 3186 1807 3256 Dionysii
1847 3187 2090 3257 martyris
2118 3185 2280 3254 digno

65 3277 270 3334 bonore
296 3282 581 3334 veneratus
609 3283 710 3334 est.
766 3276 1088 3333 witikindus
1115 3289 1226 3332 rem
1254 3278 1329 3331 ita
1356 3277 1550 3347 narrat,
1578 3277 1734 3345 quasi
1760 3277 2029 3332 exercitus
2055 3276 2282 3347 primum

66 3366 133 3422 ad
162 3363 391 3421 Parisios
418 3369 567 3422 recta
595 3366 783 3421 ductus
813 3362 1009 3420 fuisset
1034 3364 1090 3420 in
1116 3364 1424 3433 Hugonem;
1458 3362 1584 3420 inde
1613 3363 1806 3421 Remos
1823 3364 2076 3421 reductus
2095 3364 2150 3418 in
2169 3363 2279 3418 Ar-

65 3453 199 3510 taldi
221 3454 458 3525 gratiam,
486 3454 583 3511 sed
609 3452 715 3508 boc
740 3467 922 3524 parum
949 3452 1243 3509 verisimile
1268 3455 1371 3522 est,
1405 3456 1464 3507 et
1481 3450 1792 3508 frodoardo
1813 3451 2082 3523 praesenti
2109 3450 2280 3518 magis

67 3540 242 3612 credo,
260 3545 350 3613 qni
377 3547 500 3613 post
519 3540 791 3599 Artaldum
817 3540 1122 3597 restitutum
1149 3541 1385 3609 lingonis
1404 3546 1575 3597 terras
1591 3554 1752 3611 reges
1770 3552 2054 3611 aggressos
2074 3536 2279 3595 scribit.

207 3631 256 3689 9.
324 3629 459 3687 Dum
478 3633 653 3685 autem
670 3628 857 3684 Parisii
885 3628 1337 3700 circumsidentur,
1365 3627 1579 3686 delectu
1602 3641 1669 3686 ex
1687 3632 1802 3685 toto
1816 3629 2064 3685 exercitu
2078 3624 2279 3698 habito,

68 3731 192 3789 pars
225 3720 496 3790 copiarum
528 3730 705 3789 usque
739 3717 807 3773 ad
832 3715 1181 3786 Rotomagum
1208 3716 1383 3790 ducta,
1399 3715 1818 3774 Normannornm
1843 3717 2121 3786 regionem
2140 3712 2282 3770 ultra

68 3807 303 3876 citraque
329 3806 631 3877 Sequanam
672 3807 930 3877 vastavit3
972 3809 1032 3860 nt
1066 3803 1358 3861 insolentia
1395 3818 1581 3862 eorum
1620 3806 1910 3888 puniretur.
1980 3801 2040 3859 Si
2065 3800 2281 3858 Dudoni

69 3891 219 3966 fides,
247 3894 371 3952 Otto
398 3896 520 3966 ipse
542 3897 601 3951 in
618 3893 965 3965 expeditione
988 3891 1110 3964 fuit,
1137 3896 1193 3949 et
1219 3895 1277 3949 in
1303 3892 1558 3950 suburbio
1586 3893 1863 3962 Rotomagi
1878 3892 2202 3949 monasterio
2221 3892 2282 3950 in

69 3980 269 4039 bonore
306 3982 361 4039 S.
390 3982 531 4039 Petri
574 3989 630 4040 et
673 3983 728 4040 S.
757 3982 1001 4038 Andoeni
1042 3984 1350 4039 constructo
1392 3980 1610 4038 donaria
1648 3980 1871 4050 largitus
1908 3984 2010 4037 est.
2079 3978 2282 4035 Multos

70 4074 195 4126 tunc
220 4084 287 4128 ex
319 4069 649 4143 proceribus,
672 4071 901 4126 desertis
922 4069 1160 4138 llugouis
1178 4069 1434 4142 partibus,
1455 4069 1521 4125 ad
1540 4067 1859 4127 Ludovicum
1885 4070 2120 4139 venisse,
2140 4080 2276 4124 cou-

73 4158 316 4215 tinnatori
354 4159 663 4230 Reginonis,
711 4159 816 4216 etsi
855 4162 1040 4215 nostra
1075 4159 1436 4230 exaggeranti,
1485 4156 1647 4215 facile
1678 4159 1857 4215 credo.
1927 4158 2055 4215 lude
2089 4155 2281 4227 byeme

72 4249 340 4316 asperiore
386 4249 642 4303 maturius
682 4248 982 4318 ingruente,
1010 4246 1135 4304 Otto
1176 4246 1300 4303 ioca
1339 4251 1602 4317 occupata
1642 4246 1910 4305 Ludovico
1943 4244 2123 4316 tradit,
2157 4245 2280 4316 ipse

73 4339 194 4405 post
231 4336 546 4394 trimestrem
575 4335 971 4408 expeditionem
1007 4335 1332 4392 incolumem
1357 4336 1652 4391 exercitum
1678 4338 1735 4392 in
1761 4335 2030 4405 Belgicam
2056 4331 2280 4389 reducit.

76 4423 129 4477 Si
147 4436 279 4496 quae
296 4423 479 4481 clades
497 4425 554 4481 in
579 4425 753 4481 reditu
771 4428 995 4497 accepta
1012 4423 1224 4496 fuisset,
1241 4438 1361 4481 eam
1379 4422 1713 4481 Frodoardus
1739 4438 1849 4481 uon
1867 4419 2280 4480 dissimulasset.

78 4511 154 4567 Ad
181 4511 369 4570 ramam
390 4512 518 4571 Otto
537 4515 671 4571 satis
689 4515 865 4570 actum
882 4516 1029 4571 ratus
1048 4515 1149 4584 est,
1166 4514 1272 4571 etsi
1288 4526 1399 4572 non
1427 4514 1561 4571 satis
1587 4513 1657 4572 ad
1684 4525 1920 4570 causam.
1975 4509 2108 4567 Nam
2124 4506 2278 4578 lingo
