2817 4959
643 280 1182 349 ANNALES
1248 280 1707 351 inmun
2158 287 2285 358 349

40 458 284 528 aliqu-s
319 455 778 528 manipulosque
792 456 1015 525 ferreos
1053 458 1315 527 [manicas
1344 473 1441 529 pro
1469 459 1752 531 manipulis
1780 464 2097 535 posuerim,
2140 468 2192 520 et
2222 466 2284 520 in
2309 464 2377 534 Α,
2394 463 2534 537 924,

40 546 254 601 itibus
287 547 537 616 ytaeus
561 560 634 600 etc
652 545 816 614 ferro
836 546 1005 615 polito
1030 547 1399 617 spondanus,-
1435 549 1652 620 aliaque
1677 550 1864 620 multa,
1890 566 2032 622 quae
2048 554 2282 624 [inquit]

40 649 270 690 narrare
331 635 566 688 taedas.
635 632 841 704 Nempe
888 647 991 688 nec
1038 633 1257 705 tibialia,
1316 649 1421 692 nec
1462 636 1710 707 clypeum
1755 639 1980 710 attingit,
2039 646 2096 696 et
2126 656 2286 702 -arma

40 724 374 792 audentia,
412 721 943 796 hasteng-gladium,
973 721 1259 791 aliquando
1288 728 1349 782 et
1371 738 1549 782 arcum
1580 731 1635 781 et
1658 726 1886 784 missilia
1905 728 2105 801 jacula,
2134 733 2278 788 silet.

40 819 200 868 utum
221 826 334 867 -ex
373 810 544 866 eollo
572 810 856 881 pendebat,
884 809 1074 866 lancea
1099 807 1168 866 in'
1184 826 1344 867 manu
1370 818 1501 884 erat,
1520 817 1626 870 etsi
1644 819 1703 870 et
1719 815 1890 872 sellae
1909 814 2059 885 atligi
2078 825 2282 887 posset.

40 903 174 958 bis
207 901 505 968 intelligi
534 904 736 970 potest,
774 903 1025 970 quantum
1063 902 1236 956 nostri
1263 902 1537 971 temporis
1560 903 1749 962 militia
1777 918 1809 959 a
1837 906 2060 974 pristino
2089 905 2283 972 robore

41 992 394 1059 generarit.
1896 1029 1899 1034 »
2338 991 2357 1000 ‘

125 1081 224 1135 11.
320 1075 652 1136 Gobelinus
691 1076 923 1136 decanus
951 1077 1350 1150 Bilefeldeusis,
1388 1095 1501 1138 uon
1534 1083 1869 1153 spernendus
1912 1046 2079 1155 autor,
2123 1051 2284 1146 etiam

41 1183 117 1222 nc
161 1167 700 1237 expeditionalium
739 1180 915 1224 rerum
950 1171 1044 1236 jus
1081 1172 1262 1223 natum
1307 1167 1607 1228 arbitratur.
1671 1171 2033 1230 Constituisse
2074 1173 2286 1240 scilicet

40 1257 326 1326 enricum,
375 1261 464 1310 ut
511 1257 694 1324 major.
726 1254 948 1320 fratrum.
989 1260 1139 1312 esset
1183 1258 1238 1312 in
1277 1261 1636 1328 exarcum-et
1672 1260 1823 1326 solus,
1862 1231 2075 1326 tolleret
2120 1265 2285 1332 patris

40 1349 252 1416 ruviaS,
301 1347 474 1399 inter
521 1358 653 1413 quas
695 1358 838 1398 arma
877 1345 1102 1400 maxime
1130 1349 1467 1415 reputantur:
1510 1352 1565 1402 ot
1602 1350 1915 1420 indevulgo
1944 1348 2283 1408 herewedam

40 1434 283 1504 odioque
331 1433 638 1488 nominari.
705 1431 964 1501 Equidem
1006 1434 1176 1494 vestis
1220 1432 1454 1492 bellicae
1488 1438 1600 1503 jam
1642 1436 1703 1492 fit
1736 1440 2032 1502 mentioin
2072 1436 2330 1506 legibus‘

40 1522 306 1591 lngiorem
339 1526 408 1577 et
433 1521 797 1591 Werinorum,
827 1520 1265 1590 quemadmodum
1293 1528 1349 1578 et
1378 1523 1628 1594 geradae,
1657 1536 1754 1580 seu
1782 1527 1962 1582 mundi
1991 1525 2282 1598 muliebris,

40 1625 152 1682 fuae
193 1609 380 1666 rhedo
431 1608 760 1680 appellatur,
801 1612 859 1663 ut
899 1609 954 1664 in
998 1608 1234 1664 editione
1274 1612 1624 1684 scriptoribus
1669 1617 1867 1672 nostris
1910 1615 2107 1669 inserta
2149 1614 2285 1669 sub-

40 1700 234 1755 notavi:
279 1712 527 1768 voxque
573 1700 691 1767 ipsa
730 1697 965 1768 her-egat,
1014 1696 1336 1767 Spelmanno
1382 1705 1621 1772 notante,
1667 1702 1807 1774 apud
1860 1702 2057 1771 Anglos
2100 1707 2281 1756 trans-

40 1790 256 1843 narinos
285 1791 530 1844 servata
557 1791 660 1841 est.
723 1784 966 1857 Dubium,
994 1800 1063 1844 au
1092 1786 1490 1859 „hebr-gerat“,
1519 1788 1570 1841 id
1592 1793 1677 1848 est
1703 1791 2105 1846 instrumentum
2135 1792 2282 1846 eunti

40 1879 434 1942 inexercitum3
477 1890 564 1944 au,
586 1879 641 1927 ut
655 1872 806 1941 leges
823 1876 1237 1944 cismarinorum,
1259 1873 1455 1930 bellica
1482 1879 1668 1945 vestis,
1690 1879 1807 1932 sive
1824 1867 2279 1949 „hebr-gewanffl‘

40 1963 118 2019 vel
139 1964 588 2040 „heht-gewat“‚
619 1962 758 2032 quod
779 1964 972 2017 malim.
1036 1961 1194 2017 Nulla
1223 1965 1400 2019 tamen
1428 1964 1501 2018 ibi
1532 1967 1870 2034 primogeniti
1894 1970 2283 2038 praerogativa,

41 2067 186 2123 quam
223 2053 291 2108 ab
339 2053 594 2108 ilenrico
635 2065 763 2120 rege
807 2051 1159 2106 introductam
1198 2065 1307 2107 non
1337 2067 1668 2123 ,repugnem3
1720 2069 1828 2110 non
1868 2055 1943 2108 ita
1986 2057 2179 2126 tamen,
2221 2060 2280 2110 ut

45 2146 261 2198 caeteris
293 2140 565 2198 fratribus
596 2139 990 2210 expeditionem
1018 2141 1302 2211 remiserit,
1344 2142 1484 2210 quod
1526 2155 1631 2200 nec
1669 2144 1724 2196 in
1753 2141 2067 2198 Francorum
2097 2158 2281 2211 regum

45 2229 423 2299 capitularibus
477 2228 710 2284 tactum..
745 2227 860 2286 Nec
899 2228 1120 2284 loricam
1161 2234 1380 2299 tantum,
1422 2230 1520 2285 sed
1549 2233 1606 2285 et
1632 2228 1839 2299 galeam
1882 2229 2280 2301 brachialiaque

52 2323 100 2372 et
123 2319 337 2392 tibialia,
369 2325 427 2375 et
463 2317 574 2374 alia
594 2331 810 2388 quoque
838 2318 1085 2373 militaria
1113 2319 1465 2374 instrumenta
1492 2332 1608 2374 cum
1634 2332 1772 2388 equo
1802 2322 2088 2391 assignata,
2116 2319 2282 2376 facile

52 2407 265 2478 credam,
325 2422 483 2478 quae
527 2409 582 2461 in
629 2406 1018 2478 posterioribus
1063 2405 1332 2462 Saxonum
1382 2406 1595 2477 legibus
1640 2410 1978 2466 nominantur
2033 2411 2280 2479 (praeter

59 2495 319 2561 generales
334 2495 569 2570 speculi
588 2494 840 2552 Saxonici
857 2498 1071 2552 nomine
1089 2496 1292 2564 notas),
1315 2497 1517 2566 passim
1536 2510 1633 2568 per
1650 2498 1952 2567 provincias
1975 2497 2279 2570 oppidaque

58 2584 299 2653 receptis:
329 2600 401 2641 ox
432 2584 634 2654 quibus
663 2584 915 2640 nonnulla
941 2588 1126 2640 vetera
1154 2582 1534 2654 Goslariensis‚
1562 2584 1967 2642 Brunsvicensis
1996 2584 2277 2644 Lunebur·

67 2671 299 2744 gicaeque
328 2677 611 2730 civitatem
643 2677 844 2730 statuta
869 2686 1040 2742 nuper
1069 2673 1428 2743 produximus.

187 2761 268 2817 12.
337 2762 525 2818 Etiam
571 2765 904 2826 tornamenta
944 2760 1014 2816 ab
1057 2760 1288 2826 Henrico
1327 2765 1515 2828 nostro
1555 2738 1812 2831 instituta,
1854 2762 2100 2833 plerique
2127 2762 2277 2818 arbi-

72 2849 271 2921 trantur3
313 2857 366 2906 et
396 2850 586 2906 favere
618 2851 856 2922 opinioni
884 2851 1032 2903 visus
1063 2853 1148 2904 esi
1175 2847 1514 2918 witikindus,
1543 2852 1630 2919 qui
1660 2852 1749 2920 ait,
1779 2851 1835 2903 iu
1863 2851 2136 2906 exercitiis
2164 2850 2278 2906 ludi

73 2934 290 2994 militaris
311 2954 445 3009 prae
479 2942 706 2998 caeteris
747 2940 1010 3006 insignem
1048 2936 1448 3007 terribilemque
1478 2936 1661 2992 fuisse.
1730 2935 2085 2995 Tornamenta
2123 2945 2277 2995 erant

75 3018 170 3078 ludi
191 3028 446 3086 militares
479 3030 690 3084 solenni
732 3032 988 3099 apparatu
1029 3023 1313 3091 celebrati3
1361 3028 1454 3096 qui
1481 3025 1692 3084 tandem
1722 3025 1826 3082 buc
1853 3039 2094 3096 evasere,
2135 3032 2194 3083 ut
2220 3029 2276 3100 in

82 3120 237 3183 canpe
264 3115 547 3187 decimato
568 3116 932 3186 cancellisque
959 3115 1186 3185 incluso,
1208 3116 1419 3183 equites
1440 3115 1626 3170 armati
1652 3115 1858 3170 lanceis
1880 3121 2273 3196 concurrerent,

81 3197 336 3275 vitiumque
364 3205 526 3263 simul
551 3210 611 3261 et
635 3207 766 3260 artis
794 3208 1070 3275 specimen
1096 3203 1432 3274 praeberent.
1484 3200 1744 3274 Georgius
1765 3204 1978 3274 quidam
1998 3204 2272 3261 Ruxnerus

88 3298 197 3356 opus
220 3292 340 3350 elin
367 3296 553 3365 edidit,
579 3297 636 3350 in
656 3307 760 3364 quo
790 3293 1103 3350 exhibentur
1129 3293 1239 3352 ludi
1268 3296 1549 3364 equestres
1578 3292 1777 3361 publici
1805 3308 1837 3348 a
1856 3294 2042 3350 seculo
2063 3294 2272 3354 decimo

91 3373 143 3429 td
172 3377 414 3442 dommum
456 3386 728 3454 quintum;
770 3382 1229 3453 suinciunturque
1270 3384 1462 3453 cuique
1501 3384 1717 3437 nomina
1756 3379 2087 3453 familiarum,
2130 3382 2273 3439 uude

96 3467 268 3532 'quites
304 3474 669 3544 comparuisse
710 3470 967 3526 dicuntur.
1030 3470 1137 3526 Sed
1180 3483 1319 3541 quae
1348 3469 1419 3526 de
1442 3468 1830 3525 vetustioribus
1869 3469 2054 3540 refert,
2097 3473 2276 3528 omnia
2322 3463 2335 3476 “

94 3555 246 3610 nerito
272 3573 362 3627 pro
390 3560 592 3616 fictitiis
618 3559 881 3616 habentur
906 3560 973 3614 ab
1005 3559 1245 3630 eruditiS,
1288 3559 1414 3629 quia
1437 3559 1598 3615 nullis
1628 3560 1949 3618 testimoniis
1980 3557 2274 3615 documen-

102 3636 240 3708 lisque
263 3647 581 3721 adjuvantur,
622 3654 675 3705 et
703 3648 863 3707 rebus
894 3652 1055 3704 etiam
1083 3649 1216 3719 ipsis
1246 3650 1378 3703 satis
1408 3646 1761 3704 confutantur.
1828 3645 1896 3701 Et
1924 3648 2045 3716 quis
2074 3646 2273 3719 credat,

101 3736 350 3791 conventus
364 3741 468 3795 tam
489 3739 751 3808 celebreS,
776 3743 880 3792 tam
903 3737 1232 3806 frequenteS,
1247 3738 1510 3806 pertinaci
1531 3737 1763 3792 omnium
1782 3737 1997 3793 silentio
2018 3737 2274 3805 pressos?

103 3806 286 3877 Primam
309 3825 672 3886 decursionem
699 3824 1046 3894 magdeburgi
1083 3840 1218 3881 anno
1249 3824 1370 3882 938.
1402 3823 1728 3879 celebratam
1758 3823 1935 3880 refert.
1996 3824 2105 3880 Sed
2132 3823 2273 3882 bene

102 3907 269 3962 notavit
291 3910 599 3987 Brutumne,
641 3917 897 3982 tuncjam
935 3914 1139 3969 obiisse
1166 3914 1466 3972 Henricum.
1537 3910 1731 3967 Ultima
1768 3911 1997 3967 refertur
2026 3913 2274 3969 Worma-

108 3986 259 4051 nensis
283 4001 573 4064 aD.1484.
611 4003 678 4058 Et
706 4016 836 4058 sane
865 4009 1138 4072 postrema
1167 4000 1376 4057 facilius
1406 3999 1725 4058 admiserim.
1780 4001 1969 4056 Narrat
1998 4001 2273 4058 Ruxnerus

109 4076 176 4131 W!
199 4079 338 4158 fingit,
365 4093 598 4149 codicem
640 4093 928 4162 antiquum,
972 4090 1204 4146 dialecto
1232 4091 1498 4146 Saxonum
1533 4091 1806 4159 scriptum,
1848 4092 1901 4144 iu
1932 4104 2057 4146 suas
2087 4103 2272 4150 manus

111 4168 302 4228 venuste.
344 4175 463 4235 Inde
487 4187 755 4251 excerpta,
784 4194 923 4252 quae
941 4179 1270 4247 videbantur,
1299 4178 1590 4248 interprete
1609 4177 1849 4234 Johanne
1868 4178 2271 4250 Kirchbergero,

118 4248 273 4312 vicario
297 4263 353 4318 ad
385 4267 434 4322 S
459 4269 687 4325 mauritii
726 4268 1186 4338 magdeburgensi,
1230 4268 1321 4335 qui
1361 4265 1547 4321 babuit
1589 4266 1826 4322 codicem
1869 4272 1923 4321 et
1958 4269 2014 4323 in
2040 4267 2269 4320 Ruxneri

118 4343 304 4416 gratiam
327 4352 490 4424 stipsi
518 4359 798 4428 credimus,
829 4359 937 4425 igni
960 4355 1154 4411 deinde
1184 4357 1384 4425 injecit,
1405 4361 1464 4409 ut
1492 4354 1577 4409 bic
1607 4355 1817 4410 scilicet
1845 4360 1992 4410 tanto
2021 4353 2267 4410 thesauro

123 4422 237 4482 solus
271 4430 515 4517 frueretur,
559 4461 697 4516 quae
740 4444 966 4502 frivolae
1008 4446 1228 4501 rationis
1271 4443 1523 4514 allegatio
1567 4446 1924 4500 narrationem
1966 4445 2270 4514 suspectam
