2817 4959
590 277 677 341 56
1171 264 1704 338 ANNALES
1776 261 2235 333 iiiPERII

345 449 412 519 Α.
433 450 574 522 88⁰.
594 446 893 520 symbolum
920 444 1267 517 inscripsisse
1290 443 1562 516 observat,
1594 444 1736 500 utin
1761 442 2127 512 posteritatem
2152 437 2542 507 incorruptum
2571 450 2793 511 propaga

587 541 752 594 retur.
822 535 984 593 Extat
1007 532 1264 591 Jobannis
1291 535 1463 604 ipsius
1481 531 1549 588 ad
1573 530 1816 587 Pliotium
1834 521 2063 601 epistola
2081 527 2138 583 in
2164 523 2541 596 appendicem
2573 531 2793 597 coniecti

591 639 699 696 qua
721 630 902 697 negat,
926 638 962 682 a
987 637 1050 680 se
1077 621 1222 678 istud
1245 620 1502 693 Filioque,
1538 619 1782 691 symbolo
1817 617 2057 675 Nicaeno
2086 615 2336 686 additum,
2379 613 2640 687 probari,
2681 615 2793 671 doto

588 716 790 783 natque
815 714 873 769 ia
897 710 1036 770 lianc
1061 708 1448 783 blasphemiam
1473 712 1565 779 (ut
1589 708 1781 775 vocat)
1820 705 1919 762 sed
1955 718 2094 775 quae
2117 703 2294 759 tractu
2319 705 2610 773 temperis
2640 703 2793 759 couiir

590 806 747 874 mata,
776 802 1047 858 momento
1074 804 1165 855 aut
1190 800 1246 854 vi
1275 797 1538 856 eradicari
1575 809 1683 852 non
1723 795 1914 865 possit.
1985 791 2176 862 ltaque
2206 791 2701 849 mansuetudinem
2737 787 2795 848 ad

588 887 875 946 bibendam
905 901 1033 957 erga
1061 890 1319 957 errantes,
1345 890 1405 940 ut
1432 883 1685 957 paulatim
1711 883 1768 938 in
1793 881 1936 937 viam
1962 883 2301 936 revocentur.

729 976 816 1034 25.
885 976 1035 1032 Hanc
1062 973 1347 1048 epistolam
1373 973 1630 1028 Batonius
1659 974 1717 1028 et
1750 969 1934 1025 Binius
1974 968 2375 1040 supposititiam
2415 968 2582 1024 credi
2618 967 2795 1025 vellem

589 1063 740 1123 nulio
769 1066 1098 1133 argumento,
1131 1062 1239 1118 nisi
1279 1059 1424 1132 quod
1449 1058 1723 1116 hodiernis
1751 1058 2037 1114 sententiis
2064 1057 2323 1127 dissonat,
2352 1059 2531 1127 qnasi
2559 1056 2618 1112 id
2645 1071 2795 1113 nom

587 1158 757 1211 esset.
827 1151 937 1208 Sed
962 1149 1101 1206 banc
1126 1149 1317 1205 Latine
1344 1150 1635 1218 extantem,
1675 1146 1731 1203 et
1754 1146 1814 1202 in
1851 1143 2135 1201 occidente
2172 1145 2474 1216 repertam,
2523 1159 2641 1202 nou
2677 1143 2794 1201 facil

588 1233 805 1297 Plintius
830 1243 924 1295 aut
946 1236 1187 1294 Photiani
1216 1236 1582 1294 confinxerint.
1648 1233 1819 1305 Adde,
1858 1232 2000 1303 quod
2040 1232 2214 1288 Pbotii
2252 1233 2549 1306 intererat,
2585 1247 2695 1291 nou
2731 1233 2794 1289 ab

589 1326 808 1385 solvere
832 1324 1129 1383 Jobannem
1156 1323 1224 1382 ab
1252 1324 1355 1381 hac
1389 1323 1776 1395 criminatione,
1805 1321 1904 1379 sed
1931 1333 2170 1390 gravare.
2251 1319 2322 1377 Et
2345 1336 2498 1379 vero
2529 1322 2672 1380 alios
2698 1335 2797 1394 qao

590 1429 697 1485 que
741 1413 1010 1471 Romanos
1063 1413 1349 1485 pontifices
1392 1412 1719 1470 additionem
1768 1415 2063 1481 aversatos,
2109 1423 2209 1465 suo
2253 1409 2381 1466 loco
2433 1415 2687 1468 notatum
2732 1413 2797 1467 est

588 1501 880 1573 Jobanues,
916 1505 978 1558 ut
1004 1508 1120 1559 erat
1145 1501 1325 1558 mollis
1353 1506 1409 1558 et
1436 1499 1730 1571 ambiguus,
1765 1500 1926 1554 aliter
1966 1495 2156 1554 Photio
2196 1497 2443 1571 scripsit,
2494 1500 2663 1556 aliter
2695 1498 2797 1553 don

588 1593 733 1660 egit:
764 1594 821 1647 et
845 1603 932 1661 ne,
960 1587 1181 1646 Graecis
1208 1587 1570 1662 satisfaciens,
1596 1586 1815 1645 Latinos
1844 1585 2156 1656 offenderet,
2183 1589 2412 1643 torrenti
2446 1588 2626 1645 facile
2643 1589 2794 1644 cessit

592 1692 775 1749 eoque
801 1692 910 1734 non
937 1679 1144 1749 mirum,
1172 1679 1221 1733 si
1249 1677 1444 1734 librum
1473 1677 1579 1734 sibi
1606 1675 1826 1733 inscribi
1852 1687 2047 1747 passus
2083 1680 2183 1747 est,
2223 1677 2284 1732 in
2322 1689 2440 1746 quo
2485 1676 2696 1733 additio
2732 1675 2797 1730 de

590 1766 925 1824 tendebatur.
994 1764 1129 1824 Nam
1167 1765 1456 1840 iohannes,
1500 1766 1772 1823 Romanae
1814 1762 2083 1821 ecclesiae
2122 1764 2401 1837 diaconus,
2445 1767 2621 1822 vitam
2663 1763 2797 1832 lagu

589 1852 833 1924 Gregorii
860 1869 893 1912 a
919 1867 985 1911 se
1010 1855 1370 1927 conscriptam
1396 1854 1626 1913 Jobanni
1659 1854 1787 1912 huic
1811 1851 2049 1926 pontifici
2067 1852 2301 1922 muana,
2328 1855 2605 1925 queritur,
2633 1854 2692 1909 in
2705 1865 2797 1908 ver·

588 1944 748 2002 none
775 1941 982 2001 Graeca
1000 1944 1327 2016 dialogorum
1358 1940 1620 2015 Gregorii,
1647 1958 1680 2000 a
1706 1941 1960 1999 Zacharia
1984 1938 2239 2012 pontifice
2258 1939 2509 1999 Romano
2540 1940 2799 1999 elaborata

589 2032 829 2090 Graecos
856 2031 1183 2090 additionem
1210 2030 1435 2089 eandem
1462 2029 1751 2088 abrasisse.
1836 2029 1938 2085 Ast
1983 2041 2085 2097 ego
2129 2041 2338 2099 vereor,
2394 2044 2475 2087 ne
2523 2039 2651 2086 eam
2693 2028 2799 2085 onii·

589 2122 726 2179 serit
772 2123 896 2192 ipse
947 2117 1251 2192 Zacharias,
1304 2111 1448 2177 neve
1497 2120 1634 2193 ipsis
1679 2115 1921 2187 Gregorii
1965 2115 2364 2191 exemplaribus
2409 2116 2799 2177 interseruerit

589 2210 942 2281 posteriores.

731 2294 821 2351 26.
887 2294 1006 2351 Hoc
1030 2308 1172 2352 anno
1199 2292 1517 2369 methodius,
1542 2298 1694 2366 <auus
1719 2296 2116 2361 accusationem
2145 2296 2501 2369 praecedenti
2531 2307 2679 2353 anno
2705 2291 2799 2350 atti

590 2384 782 2454 gimus,
807 2380 1029 2440 Romam
1054 2383 1219 2454 venit,
1248 2387 1303 2439 et
1331 2396 1396 2439 se
1421 2385 1680 2456 purgavit.
1750 2384 2024 2441 Jobaunes
2063 2383 2222 2442 Juuio
2262 2399 2457 2444 mense
2507 2386 2621 2442 ind.
2655 2384 2737 2441 13.
2761 2393 2799 2435 a«

588 2467 1028 2542 srentopulcrnm
1054 2468 1543 2541 (zuentebaldum)
1569 2471 1861 2542 gloriosum
1884 2475 2134 2530 comitem
2162 2474 2318 2545 datis,
2344 2473 2707 2542 methodium,
2740 2470 2801 2525 aii

588 2556 1054 2632 archiepiscopum
1080 2557 1351 2615 ecclesiae
1377 2558 1751 2632 moraviensis,
1792 2575 1912 2617 cum
1948 2560 2250 2617 semisisno
2287 2561 2435 2618 fideii
2465 2561 2737 2635 principis
2759 2553 2801 2612 ai

587 2645 776 2703 limina
800 2644 1168 2719 apostolorum
1195 2646 1434 2724 venisse,
1458 2648 1947 2719 interrogatumque
1974 2650 2044 2705 de
2070 2649 2366 2706 orthodoxa
2393 2649 2526 2721 lide,
2571 2663 2677 2706 sex
2706 2645 2801 2702 uni·

588 2733 895 2792 versalibus
922 2734 1146 2806 synodis
1184 2747 1470 2793 assensum
1511 2734 1847 2808 praebuisse,
1883 2747 2065 2808 neque
2105 2737 2263 2794 aliter
2300 2740 2392 2793 aut
2438 2738 2698 2808 credero,
2738 2749 2800 2789 aa*

590 2823 847 2896 psallere,
873 2838 1031 2896 quam
1057 2822 1114 2881 S.
1142 2822 1378 2881 Romana
1404 2824 1648 2882 ecclesia
1671 2823 1882 2896 probet.
1952 2825 2141 2896 Itaque
2177 2824 2243 2882 ad
2277 2822 2558 2893 regendos
2597 2822 2801 2897 populos

590 2927 627 2970 a
670 2926 735 2971 se
777 2914 1013 2985 remitti;
1053 2911 1353 2970 wichinum
1388 2911 1553 2970 etiam
1592 2911 1881 2971 Nitriensis
1917 2912 2186 2972 ecclesiae
2231 2912 2463 2970 electum
2509 2915 2801 2986 episcopan

591 3013 626 3058 a
652 3014 715 3058 se
745 3006 1117 3058 consecratum
1145 3014 1290 3059 esse.
1363 3002 1496 3059 Tum
1535 3002 1721 3059 literas
1762 3002 2077 3060 slavonicas
2124 3017 2157 3059 a
2192 3001 2552 3059 Constantino
2595 2991 2801 3074 quodam

588 3086 917 3159 philosopho
963 3093 1204 3159 repertas
1251 3090 1621 3157 commendat3
1676 3105 1708 3146 a
1736 3091 2017 3162 psalmista
2061 3092 2257 3148 dictum
2300 3095 2524 3147 extare:
2578 3088 2801 3146 maan

589 3174 880 3231 ”mnam
906 3188 1089 3230 emm
1109 3181 1317 3245 pente-u
1346 3183 1404 3233 et
1430 3162 1711 3250 apostolos
1734 3174 1935 3251 Spiritu
1962 3185 2150 3237 saneto
2178 3180 2438 3252 repletos,
2467 3181 2617 3235 omni
2641 3179 2801 3243 lingui

587 3261 806 3318 locutos
833 3261 1104 3331 magnalia
1129 3261 1259 3330 θείς
1300 3268 1357 3321 et
1395 3265 1539 3336 apud
1578 3264 1812 3336 Paulum,
1853 3271 2041 3324 omnes
2079 3268 2290 3336 linguas
2326 3266 2607 3325 Dominum
2633 3264 2801 3319 Jesun

592 3349 652 3406 in
677 3347 850 3420 gloria
875 3350 1046 3408 Patris
1085 3347 1329 3407 confiteri
1363 3350 1587 3409 debere.
1657 3352 1847 3424 Neque
1879 3368 2018 3413 *saue
2055 3354 2181 3413 iidei
2216 3356 2305 3414 vel
2351 3356 2626 3414 doctrinae
2667 3347 2801 3407 offici

588 3439 852 3512 agnoscit,
897 3439 949 3495 si
990 3438 1196 3496 missae
1236 3437 1422 3510 lingua
1466 3437 1753 3497 slavonica
1803 3450 2072 3517 cananum
2116 3457 2438 3517 sacrumque
2481 3438 2801 3511 evangeliun

586 3525 681 3584 vel
708 3526 818 3585 alia
844 3527 1025 3584 divina
1051 3526 1221 3586 verba
1247 3540 1317 3585 ex
1341 3534 1574 3601 utroque
1599 3532 1924 3589 testamento
1965 3532 2108 3592 bene
2134 3535 2395 3592 translata
2420 3534 2682 3602 legantur,
2720 3528 2801 3582 aui

588 3627 689 3688 per
712 3615 960 3674 horarum
988 3614 1166 3674 officia
1192 3617 1499 3686 audiantur;
1528 3617 1670 3691 quia,
1699 3619 1791 3690 qui
1815 3622 1930 3678 tres
1956 3621 2166 3692 linguas
2178 3623 2474 3695 primarias,
2501 3619 2801 3678 Hebraeum.

589 3702 849 3762 Graecam
875 3710 935 3764 et
954 3703 1210 3779 Latinam,
1234 3708 1456 3779 creavit,
1481 3706 1625 3765 idem
1653 3713 1710 3766 et
1735 3714 1979 3767 caeteras
2006 3710 2154 3768 fecit.
2223 3710 2387 3768 Jubet
2424 3716 2620 3779 tamen,
2655 3707 2713 3761 ut
2751 3703 2800 3754 5¹¹

590 3793 843 3851 omnibus
873 3796 1128 3853 ecclesiis
1154 3796 1395 3865 regionis
1421 3800 1643 3870 propter
1681 3802 1939 3870 majorem
1975 3797 2439 3857 honorificentiam
2478 3792 2800 3866 inrangeliu¹²

585 3879 781 3940 Latine
804 3881 1028 3958 legatur,
1057 3897 1122 3941 ac
1148 3884 1346 3943 deinde
1382 3886 1548 3942 etiam
1576 3884 1865 3945 Slavonice
1893 3887 2113 3961 popaio,
2137 3887 2326 3945 Latina
2342 3889 2508 3946 verba
2520 3897 2630 3946 non
2647 3875 2799 3939 intel·

588 3968 795 4043 ligenti,
832 3976 1186 4031 annuntietur.
1252 3972 1459 4038 Quodsi
1494 3973 1743 4046 princeps
1773 3988 1892 4033 cum
1919 3977 2235 4048 proceribus
2259 3978 2377 4033 suis
2403 3967 2599 4034 missas
2625 3969 2797 4027 launo

587 4058 777 4115 audire
820 4062 985 4134 malit,
1030 4062 1087 4118 id
1128 4076 1342 4134 quoque
1378 4064 1437 4119 in
1472 4065 1592 4134 ejus
1639 4063 1856 4123 arbitrio
1904 4065 2171 4138 relinquit.
2242 4064 2325 4121 lta
2371 4063 2628 4137 pontifex,
2671 4061 2795 4127 ‘1⁸⁸⁰

585 4158 758 4219 nuper
784 4152 969 4206 contra
995 4150 1191 4208 missas
1216 4151 1536 4209 Siavonicas
1564 4151 1634 4209 de
1660 4152 1912 4210 cathedra
1939 4167 2037 4212 sua
2054 4155 2509 4226 pronuntiaverat,
2536 4163 2605 4208 ex
2622 4144 2792 4205 fldem

586 4233 844 4294 caueam
870 4241 1197 4296 retractavit.
1266 4239 1522 4297 vicissim
1549 4239 1835 4312 erogem
1862 4242 1980 4300 vn.
2008 4244 2151 4316 quoa
2174 4242 2450 4302 somnos
2468 4239 2604 4300 vm.
2630 4227 2794 4291 ίιᾱιῐ-

591 4327 753 4397 seat,
795 4325 1030 4472 sustulit,
1072 4327 1366 4389 mamare
1392 4328 1694 4389 noiomo
1732 4331 1789 4389 in
1833 4331 2211 4392 meatuum
2253 4331 2556 4406 nugariae
2589 4316 2790 4383 moon·

589 4426 861 4472 memora·
887 4427 935 4472 θ.
