2817 4959
652 297 1183 367 ANNALES
1246 298 1710 368 IMPERII
2161 302 2290 369 569

43 474 573 546 ÷tantinopolitauae
613 474 754 531 statu
794 475 1066 548 scriptum,
1107 474 1249 545 quod
1280 473 1410 533 elim
1449 476 1506 531 in
1531 473 1785 532 Matthiae
1813 473 2113 544 ilungarise
2138 475 2283 546 regis
2311 475 2530 546 Α.948,

43 563 391 621 ›ibliotheca
436 562 607 619 fuisse
653 561 925 621 Gesnerus
970 567 1201 636 scripsit,
1267 577 1414 621 nunc
1458 561 1790 620 Francorum
1837 563 1904 619 ad
1946 564 2197 621 Moenum
2236 566 2294 622 in
2525 550 2530 559 ’

43 652 302 710 nauibus
336 658 422 709 est
449 653 549 708 viri
577 653 788 709 eruditi.
859 654 1241 722 Scaramaugas
1281 651 1635 710 Leonclavius
1663 651 1934 708 Persicum
1973 652 2293 710 vocabulum

43 756 175 799 esse
220 745 400 814 putat,
439 739 661 814 pallium
696 745 787 796 aut
825 741 1058 813 penulae
1097 754 1283 813 genus,
1324 755 1432 811 quo
1474 745 1618 798 totus
1655 741 1816 796 bomo
1853 743 2037 797 contra
2080 742 2291 812 pluvias

43 835 133 889 aut
174 829 390 900 frigora
416 828 769 903 muniebatur,
808 829 1039 886 fortasse
1063 830 1141 884 uti
1171 830 1314 899 quod
1352 842 1496 886 nunc
1523 828 1661 885 Galli
1689 832 2048 901 supra-totum
2074 834 2289 886 vocant.

43 918 774 989 constantinopolitanorum
820 932 1098 975 caesarum
1152 917 1452 974 imitatione
1494 917 1658 974 bodie
1703 916 1974 974 ottomani
2016 919 2289 990 principes

43 1007 331 1079 stipendia
361 1007 516 1062 militi
544 1022 662 1063 cum
690 1021 885 1079 pompa
909 1012 1208 1079 numerant,
1248 1011 1305 1063 et
1344 1010 1560 1063 exteros
1588 1007 1655 1062 ad
1685 1005 2049 1078 spectaculum
2078 1011 2291 1078 vocant,

43 1100 97 1153 et
141 1094 464 1176 castanibus
506 1094 768 1167 (penulae
795 1096 1030 1167 genere)
1071 1094 1213 1152 dono
1241 1094 1381 1151 datis
1411 1109 1508 1152 eos
1535 1096 1775 1169 iuduunt,
1812 1096 2005 1168 quibus
2032 1094 2289 1152 honorem

43 1184 268 1242 habent.

190 1274 287 1329 34.
361 1272 647 1329 Heni-icum
673 1271 933 1329 Bavariae
975 1269 1167 1327 ducem
1199 1269 1306 1327 boc
1340 1284 1481 1328 anno
1508 1269 1787 1341 ilungaros
1813 1271 2166 1343 irrumpentes
2192 1284 2289 1328 re-

43 1364 349 1436 pressisse,
374 1360 625 1417 Arentini
652 1362 922 1416 sententia
942 1363 1027 1415 ost
1039 1358 1384 1416 witikindum
1406 1361 1598 1430 secuti,
1629 1362 1719 1430 qui
1734 1359 2010 1429 ilungaros
2030 1360 2113 1416 bis
2133 1358 2201 1415 ab
2221 1373 2289 1416 eo

43 1452 229 1508 victos
251 1450 490 1519 scripsit.
562 1449 707 1505 idem
731 1452 886 1504 autor
913 1450 1015 1520 est,
1044 1446 1332 1505 {lenticum
1359 1452 1416 1504 et
1444 1450 1722 1518 copiarum
1738 1451 1857 1518 ejus
1879 1449 2069 1505 ducem
2088 1447 2292 1504 Batho-

43 1554 195 1611 nem,
236 1541 297 1595 in
337 1537 598 1594 victoriae
637 1540 1035 1593 monumentum
1077 1549 1217 1607 equo
1245 1537 1543 1593 insidentes
1570 1551 1739 1607 gypso
1769 1536 1981 1594 effictos
2007 1539 2063 1594 in
2091 1537 2290 1609 templo

43 1629 213 1685 divae
255 1627 491 1697 Virginis
542 1626 682 1698 apud
722 1624 1071 1682 Mani-bircam
1122 1626 1302 1681 vicum
1338 1625 1660 1682 navarorum
1704 1626 1981 1682 dedicatos
2039 1628 2292 1697 spectari.

43 1717 364 1773 Bruunerus
403 1714 501 1772 bas
537 1717 742 1772 statuas
783 1713 850 1769 ad
890 1714 1127 1771 ultimam
1166 1714 1236 1771 de
1271 1713 1533 1784 Hungaris
1574 1716 1851 1784 victoriam
1875 1714 1959 1771 'ab
1990 1713 2189 1771 ottone
2223 1714 2293 1770 ad

44 1807 353 1875 Augustam
377 1802 775 1860 vindelicorum
802 1808 1126 1874 reportatam
1151 1802 1361 1860 referre
1379 1803 1598 1860 mavult.
1668 1803 1782 1875 Ego
1808 1805 2078 1860 Aventino
2115 1801 2293 1873 faveo,

46 1895 183 1965 quia
210 1892 475 1948 Henrieus
515 1892 723 1964 praelio
751 1891 874 1947 buic
898 1906 1009 1948 non
1035 1892 1291 1963 interfuit,
1332 1905 1510 1964 neque
1540 1894 1593 1949 ei
1620 1894 1726 1950 nisi
1753 1894 1940 1965 paucis
1970 1878 2163 1948 diebus
2192 1906 2294 1948 su-

46 1987 274 2056 perstes
303 1979 419 2035 i‘uit.
492 1978 681 2050 itaque
706 1995 815 2036 non
842 1980 1018 2053 video,
1046 1994 1185 2051 quae
1213 1980 1338 2038 inde
1366 1981 1448 2037 illi
1476 1984 1689 2038 statuae
1715 1983 1933 2037 occasio
1962 1980 2088 2036 data
2117 1980 2205 2037 sit.

201 2070 287 2126 35.
360 2068 617 2125 Batonem
640 2070 779 2125 inter
803 2067 996 2125 heroas
1018 2071 1196 2139 gentis
1225 2073 1280 2124 et
1307 2069 1566 2126 tutelares
1594 2069 1748 2125 divos
1767 2069 2047 2137 Baioariae
2075 2067 2289 2125 babent.

53 2158 365 2216 Brunuerus
393 2157 605 2214 beatum
648 2160 823 2229 vocat,
862 2158 1022 2227 vulgo
1052 2158 1246 2213 dicitur
1272 2157 1724 2230 Santyrafliulat:
1753 2160 1913 2213 etiam
1942 2157 2104 2214 Lazio
2142 2157 2291 2215 cele-

59 2245 262 2318 bratus,
292 2246 573 2302 colosseus
593 2247 854 2317 pingitur:
898 2247 1059 2302 etiam
1088 2244 1285 2302 fabulis
1313 2251 1521 2318 ornant,
1549 2248 1705 2317 quasi
1732 2251 1857 2317 post
1874 2249 2070 2303 victum
2090 2247 2292 2302 ‘roxum
2389 2252 2394 2260 '

57 2336 427 2406 ilungarorum
446 2347 625 2404 regem
647 2348 765 2389 cum
782 2333 997 2390 Jnditba
1012 2335 1166 2391 ducis
1194 2335 1354 2391 vidua
1381 2333 1448 2391 ad
1477 2339 1671 2391 terram
1700 2340 1940 2391 sanctam
1967 2335 2293 2406 profectam

60 2424 191 2481 inde
218 2426 444 2495 patriam
471 2425 643 2478 sacris
671 2423 983 2493 pignoribus
1011 2422 1396 2493 locupletasse.
1469 2422 1702 2480 Tandem
1731 2426 2111 2480 monasteriam
2132 2423 2293 2481 Wer-

62 2511 236 2568 dense
274 2511 360 2583 (id
402 2517 489 2569 est
528 2511 800 2580 insulare)
837 2513 894 2568 in
934 2512 1111 2568 insula
1152 2511 1437 2568 Ambronis
1480 2512 1627 2569 fluvii
1669 2512 1891 2584 praedio
1943 2526 2042 2570 suo
2087 2515 2293 2568 struxit.

63 2600 247 2658 Aedes
287 2614 440 2657 sacra
480 2599 749 2656 salvatori
795 2607 850 2655 et
892 2603 1011 2669 ejus
1053 2601 1316 2672 apostolis
1355 2600 1599 2671 Philippo
1640 2605 1698 2658 et
1735 2601 1940 2656 Jacobo
1988 2603 2179 2674 dicata,
2225 2600 2294 2657 ab

60 2689 318 2748 Adalrico
354 2691 614 2759 episcopo
642 2688 952 2765 Augustano
980 2688 1049 2743 ob
1078 2688 1400 2745 dioeceseos
1425 2692 1515 2758 jus
1544 2694 1857 2745 consecrata
1885 2692 1987 2744 est.
2057 2689 2298 2746 Proxima

63 2784 185 2835 erat
211 2791 303 2833 arx
326 2779 522 2833 montis
550 2776 937 2833 Andeccensis.
1010 2777 1197 2848 itaque
1234 2779 1483 2834 comitem
1509 2774 1920 2832 Andecbensem
1946 2779 2005 2832 et
2029 2775 2296 2833 Diessen-

65 2880 186 2923 sem
212 2865 426 2924 iaciunt.
494 2864 625 2934 Ego,
634 2868 897 2936 suspicor,
925 2864 1066 2922 bunc
1084 2865 1344 2922 Batonem
1365 2864 1454 2922 vel
1474 2864 1752 2921 lietoldum
1768 2878 1837 2920 ex
1854 2863 2078 2919 Rataldo
2097 2864 2294 2920 Amulii

64 2957 278 3023 augusti
316 2954 424 3011 lilio
463 2954 627 3011 notho
669 2958 859 3025 ortum,
899 2968 1023 3010 nam
1064 2960 1120 3010 et
1145 2955 1286 3011 bunc
1313 2954 1718 3011 Andeccensem
1762 2952 1981 3024 faciunt,
2026 2958 2080 3009 et
2120 2966 2188 3008 ex
2224 2968 2293 3009 eo

65 3044 331 3100 bieranios
368 3044 624 3100 derivant.
696 3043 873 3113 Atque
913 3045 990 3098 ita
1028 3046 1190 3099 etiam
1217 3043 1354 3099 alios
1392 3043 1685 3115 judicasse,
1724 3041 1808 3098 bis
1852 3043 2066 3114 scriptis
2095 3042 2294 3113 depro-

68 3130 247 3204 nendi,
272 3135 493 3190 stemma
512 3136 674 3189 etiam
699 3134 755 3188 in
777 3130 955 3187 tabula
973 3131 1225 3189 exhibere
1245 3146 1447 3205 operae
1467 3132 1693 3203 pretium
1711 3134 1815 3202 est,
1843 3129 2003 3203 quale
2020 3129 2292 3188 lohannes

74 3220 345 3279 Conradus
371 3221 673 3279 Dietericus
704 3221 942 3294 collegit,
968 3227 1027 3279 ut
1050 3223 1108 3277 in
1136 3220 1269 3277 illud
1294 3222 1526 3292 amplius
1553 3233 1650 3291 per
1676 3221 1844 3277 otium
1870 3220 2182 3291 inquiretur.

740 3438 963 3508 ΑΝΝΟ
1013 3438 1329 3506 CHRISTI
1371 3437 1601 3510 949·

74 3561 303 3617 agapetus
327 3560 564 3606 coufirmat
588 3564 690 3605 acta
717 3562 901 3606 concilii
918 3561 1315 3616 ingelheimensis.
1343 3582 1397 3594 -
1429 3561 1537 3606 Otto
1565 3560 1624 3605 ad
1641 3559 1849 3605 Rhenum
1873 3569 2035 3615 agens,
2054 3557 2135 3603 dat
2151 3569 2294 3613 quae-

153 3631 254 3677 dam
281 3633 548 3676 monasterio
576 3631 729 3676 Eremi
756 3642 839 3676 seu
866 3632 1179 3677 Einsidolensi
1209 3636 1255 3676 et
1282 3634 1494 3677 Kotensi.
1517 3656 1568 3664 —
1585 3632 1640 3676 In
1667 3631 1909 3678 Saxouiam
1937 3630 2147 3681 veniens,
2175 3630 2295 3672 libe-

157 3703 268 3746 ralis
294 3706 364 3746 est
389 3704 436 3747 iu
457 3702 697 3747 ecclesiam
716 3702 1170 3758 Hagdeburgenssm.
1188 3725 1239 3736 -
1258 3703 1321 3749 Et
1339 3705 1385 3747 iu
1406 3704 1763 3759 TraJeetensem.
1820 3701 1997 3745 Genera
2025 3701 2298 3744 tributorum

159 3772 345 3827 buslata,
402 3775 652 3829 cogscbult.
677 3794 731 3806 -
755 3774 908 3819 Aedes
937 3779 984 3818 et
1012 3774 1255 3830 episcopus
1283 3773 1727 3829 Brandeburgensls.
1779 3771 1942 3826 Legati
1982 3770 2041 3814 ad
2069 3770 2298 3816 ottonem.

156 3864 213 3877 —
236 3844 405 3888 Turbae
431 3844 481 3888 in
508 3842 671 3890 Gallia.
725 3844 904 3900 Regina
930 3844 989 3890 ad
1018 3844 1231 3889 ottonem
1257 3845 1402 3899 venit,
1430 3846 1604 3890 auxilia
1629 3848 1808 3901 petens.
1827 3864 1878 3875 —
1897 3841 2155 3888 landericus
2174 3843 2302 3898 capit

157 3914 410 3960 Lauduuum
438 3920 631 3970 excepta
658 3917 775 3959 turri
802 3914 1054 3960 liodberti.
1110 3915 1311 3960 Comites
1337 3916 1650 3962 Retestenses.
1700 3914 1934 3959 Induciae.
1960 3935 2015 3946 -
2040 3913 2303 3970 Diplomata

163 3984 332 4029 ottonis
360 3990 408 4030 et
435 3985 680 4030 difficultas
708 3986 830 4030 circa
859 3990 1050 4041 tempus.
1086 3986 1393 4043 ultrajectum
1422 3990 1683 4041 corruptum
1708 3995 1792 4040 pro
1820 3989 1980 4030 vetere
2002 3986 2292 4042 Ῥῆσος-,ιω-

158 4057 357 4113 Diploma
383 4057 625 4102 Leodleusi
655 4057 880 4101 ecclesiae
907 4057 1078 4100 datum.
1104 4080 1158 4090 -
1184 4058 1306 4103 rma
1345 4057 1540 4111 Ludolll,
1580 4060 1687 4111 post
1725 4055 1962 4101 abbatissa
1990 4055 2299 4108 Quodlinbnrq

162 4129 322 4183 gensis.
344 4144 353 4161 ι
376 4128 476 4173 Udo
517 4139 668 4173 comes
708 4129 822 4173 obit.
875 4129 991 4184 Ejus
1028 4140 1207 4177 munus.
1232 4150 1287 4161 -
1316 4129 1406 4180 Qui
1434 4128 1518 4172 filii
1547 4130 1596 4172 et
1620 4133 1812 4183 nepotes
1840 4140 1902 4172 ex
1926 4128 2148 4173 llitmaro.
2201 4127 2304 4174 Dua

164 4203 331 4244 cauum
356 4200 687 4245 successiones.
712 4222 765 4233 —-
790 4199 916 4244 Πίου
954 4199 1222 4244 flerimusi
1265 4200 1397 4244 ducis
1423 4198 1757 4255 memnonias,
1799 4210 2068 4245 accessere
2105 4197 2305 4242 Ludolln

165 4278 337 4326 genero.
389 4270 506 4326 Eius
533 4273 674 4315 vidua
701 4274 749 4315 et
773 4270 1027 4327 privignus.
1044 4292 1097 4303 ·-
1114 4270 1335 4327 Episcopi
1354 4271 1599 4327 spirenses
1619 4276 1666 4314 et
1681 4271 2060 4316 Wormatienses.
2076 4290 2129 4301 —
2155 4267 2305 4323 Aqui-i

163 4341 277 4397 legia
291 4341 514 4386 Bavariae
535 4342 727 4396 adiecta.
769 4341 909 4386 Ducis
929 4343 1165 4398 expeditio
1184 4341 1244 4387 ad
1259 4342 1471 4388 Athesin.
1489 4343 1623 4387 —De
1639 4343 1781 4388 willa
1798 4340 2071 4396 Ber-angarii
2090 4340 2300 4394 conjuge.

165 4434 212 4445 —
227 4412 541 4457 Constantinus
558 4411 994 4468 Porphyrogeuuota
1022 4413 1165 4458 fllium
1192 4414 1444 4459 Romanuin
1472 4415 1694 4470 collegam
1722 4412 1929 4458 assumit.
1982 4411 2212 4465 txcerpta
2240 4422 2303 4454 ex

168 4483 454 4540 scriptoribus
481 4484 582 4528 ileri
612 4488 756 4528 curat.
