2817 4959
719 250 1256 320 ANNALES
1329 249 1787 320 IMPERII
2234 252 2362 322 39?

66 427 440 499 credideris,
499 441 616 483 cum
662 439 832 483 uxore
876 427 1386 484 administrationem
1444 424 1808 484 Lotbariensis
1867 425 2016 514 regni
2061 425 2359 498 accepisse,
2389 427 2612 498 μω,

69 533 265 589 quam
301 520 578 588 sequente
599 518 711 584 jam
739 530 880 572 anno
921 518 1234 573 exercuisse
1275 515 1584 585 ostendunt,
1630 528 1769 585 quae
1809 516 1935 569 tunc
1963 514 2361 572 exFrodoardo

71 605 427 664 afferemus.
489 604 634 661 Nihil
667 610 846 660 tamen
886 604 1065 673 video,
1106 603 1249 676 quod
1289 605 1679 662 matrimonium
1719 602 1893 659 adbuc
1933 605 2185 660 maturius
2228 619 2364 660 con-

78 701 351 752 tractum
380 699 548 751 vetet.
613 693 989 764 Captivitatem
1032 690 1320 748 Giseiberti
1367 706 1466 764 per
1507 691 1780 763 cujusdam
1823 691 2109 749 Christiani
2150 694 2363 750 comitis

82 784 371 840 fraudem
396 786 506 853 jam
535 782 882 854 explosimus.

258 874 356 929 19.
444 870 742 940 Sigeiridus
779 870 992 941 quidam
1028 869 1227 939 Dauus,
1275 869 1559 933 ouantium
1604 869 1800 926 flumen
1846 869 2024 926 classe
2067 870 2363 943 ingressus,

88 960 317 1032 Adoni,
363 961 574 1018 comitis
601 960 879 1016 Bononiae
905 963 962 1015 et
989 957 1041 1013 S.
1073 958 1274 1016 Bertiui
1301 957 1531 1030 abbatis,
1575 958 1830 1013 ditionem
1857 955 2167 1014 intestabat.
2229 959 2367 1015 Huic

93 1050 296 1106 frater.
313 1046 572 1104 Amolius
601 1061 784 1103 comes
811 1047 1090 1104 Fiandriae
1119 1048 1317 1104 auxilio
1342 1049 1517 1103 venit:
1559 1059 1650 1103 res
1673 1048 1893 1103 tandem
1922 1061 1991 1103 eo
2017 1045 2233 1102 redacta
2262 1051 2366 1120 est,

97 1146 166 1194 ut
195 1136 532 1208 sigefridum,
574 1136 642 1191 ad
686 1137 739 1192 S.
767 1135 1123 1192 Audomarum
1152 1138 1393 1206 veniens,
1441 1149 1568 1193 sese
1610 1135 1822 1193 fidelem
1852 1133 2042 1191 Adolt’o
2085 1136 2269 1192 comiti
2309 1141 2366 1193 et

100 1226 309 1283 abbati
339 1225 695 1299 profiteretur,
734 1237 953 1306 censpm
982 1224 1036 1278 S.
1066 1225 1281 1281 Bertino
1311 1224 1616 1295 sponderet,
1660 1226 1798 1282 etin
1826 1224 2083 1281 Guinensi
2113 1226 2368 1282 comitatu

103 1316 273 1372 velut
304 1314 375 1370 ad
403 1314 700 1369 custodiam
729 1317 916 1368 contra
951 1311 1238 1383 populares
1268 1326 1396 1370 suos
1427 1313 1798 1371 collocaretur.
1853 1311 2000 1371 Haec
2027 1311 2365 1369 malbrancus

109 1404 297 1462 refert
325 1415 397 1459 ex
424 1401 690 1460 localibus
720 1402 1072 1459 documentis.

799 1654 1023 1722 ANNO
1063 1656 1390 1723 CHRISTI
1444 1655 1690 1727 981)-

119 1793 264 1849 nugo
291 1803 397 1845 rex,
440 1792 668 1838 Har-oziae
696 1794 956 1850 conjugium
986 1794 1227 1849 meditans,
1272 1794 1516 1840 widonem
1544 1796 1646 1851 ejus
1674 1795 1886 1838 maritum
1914 1794 2211 1839 novissimum
2237 1805 2367 1838 susm

207 1864 407 1910 tratrem
434 1864 580 1909 tuisse
608 1869 763 1920 negat,
788 1865 976 1909 Ber-tam
1003 1870 1195 1909 matrem
1221 1866 1313 1910 sibi
1339 1866 1516 1911 liberos
1543 1866 1843 1921 supposuisse
1871 1865 1953 1909 ait.
1981 1885 2034 1899 -—
2077 1866 2368 1909 Lamban-tum

209 1936 408 1980 alterum
437 1935 625 1980 tratrem
652 1936 880 1980 uterinum
908 1947 1016 1980 sese
1043 1941 1346 1992 opponentem
1373 1939 1514 1993 capit.
1556 1937 1782 1982 Rusonem
1809 1947 2072 1991 germanum
2098 1935 2149 1979 iu
2174 1936 2369 1982 'rusciae

211 2006 419 2050 marchia
449 2008 492 2051 ei
516 2008 770 2052 substituit.
791 2030 839 2039 —
868 2007 1113 2052 llilduinus
1132 2007 1387 2063 fltpraesul
1404 2008 1780 2060 Hediolanensis,
1808 2007 2054 2052 Ratherius
2071 2007 2369 2053 Veronensis.

211 2100 268 2111 —
293 2077 515 2122 Rbedarii
542 2077 720 2124 winidi
747 2079 805 2121 ab
834 2078 1031 2122 ilenrico
1072 2078 1123 2122 in
1161 2078 1369 2122 ordinem
1407 2078 1694 2132 rediguntur.
1719 2099 1773 2110 —
1823 2078 2035 2133 vestigia
2068 2077 2370 2122 marchiarum

211 2149 595 2203 septentrionalis
623 2152 670 2192 et
697 2149 953 2193 orientalis.
998 2148 1262 2193 Bernartius
1287 2149 1476 2192 videtur
1501 2149 1805 2204 Billinganus.
1830 2171 1882 2181 —
1909 2149 2087 2195 Winidi
2113 2148 2297 2192 Uer-ani.
2316 2167 2371 2179 -·

212 2240 270 2252 --
295 2219 470 2264 Bethra
498 2220 695 2265 celebris
720 2219 833 2264 urbs
862 2219 1179 2264 Redariorum.
1222 2219 1474 2275 Badegasti
1504 2220 1693 2264 idolum.
1721 2242 1773 2251 —
1800 2220 2082 2266 Wallesleva
2110 2231 2136 2263 a
2155 2219 2372 2263 Redariis

213 2294 411 2335 vastata.
437 2313 492 2323 —
516 2291 787 2343 Lunkinum,
815 2291 893 2333 ubi
923 2291 1063 2335 caesi.
1084 2312 1135 2324 -
1157 2290 1366 2334 nostium
1396 2291 1593 2346 eruptio.
1614 2313 1666 2323 —
1701 2290 2011 2344 Lunkisense,
2034 2302 2093 2334 an
2118 2289 2371 2335 Lentiense

215 2362 458 2418 praelium.
473 2384 525 2394 —
551 2361 774 2406 Familiae
792 2360 1137 2407 walbeccensis
1165 2365 1214 2407 et
1235 2362 1560 2409 stadensis.-
1585 2362 1811 2408 Heni-icus
1836 2361 1930 2407 illio
1952 2362 2111 2407 ottoni
2129 2362 2369 2418 conjugem

219 2433 302 2477 dat
340 2431 554 2489 Bdgitam
594 2433 848 2489 principem
887 2432 1097 2487 Anglam.
1138 2454 1192 2465 —
1267 2433 1383 2490 Ejus
1426 2445 1558 2478 soror
1598 2433 1909 2489 despondetur
1945 2432 2146 2489 principi
2185 2432 2369 2487 Alpino.

217 2502 422 2548 Fabulae
450 2503 508 2547 de
533 2504 756 2548 uxoribus
782 2504 1038 2560 principum
1060 2503 1283 2548 Italorum
1325 2517 1382 2548 ex
1409 2506 1540 2558 regia
1570 2506 1786 2550 Ottonum
1824 2504 2015 2549 familia.
2042 2526 2095 2537 —
2146 2504 2370 2569 Princeps

219 2575 300 2620 ille
325 2573 519 2630 Alpinus
559 2574 648 2619 fuit
686 2575 945 2622 Ludevicus
987 2575 1155 2619 Orbus.
1181 2596 1234 2606 -
1285 2575 1403 2631 Eius
1444 2576 1567 2619 iilius
1596 2575 1789 2620 Carolus
1817 2575 2141 2620 Constantinus
2181 2586 2243 2619 ex
2282 2576 2371 2618 hoc

220 2645 506 2691 matrimonio
534 2656 624 2689 non
651 2649 802 2690 natus.
831 2666 882 2677 —-
931 2645 1068 2689 Prior
1107 2645 1228 2688 alius
1266 2644 1391 2689 illius
1431 2645 1668 2690 liudolnis.
1692 2665 1747 2678 -
1797 2645 1993 2690 Familia
2020 2645 2151 2700 regia
2175 2644 2371 2699 Angtica

223 2715 345 2761 circa
372 2718 458 2760 boc
480 2720 673 2773 tempus.
702 2737 755 2748 —
779 2715 937 2761 Liberi
957 2714 1135 2761 Ain-edi
1164 2715 1306 2770 regis.
1331 2738 1386 2748 —
1419 2716 1649 2772 notgerus
1675 2715 2050 2771 archiepiscopus
2077 2714 2369 2760 'trevirensis

223 2788 337 2842 obit,
375 2789 667 2832 collocandus
706 2788 830 2832 inter
869 2787 1119 2841 scriptores
1147 2787 1506 2831 ecclesiasticos.
1546 2808 1600 2820 -
1652 2788 1888 2834 Successit
1923 2787 2190 2838 lietbertus,
2224 2785 2372 2830 frater

221 2858 408 2914 reginae
446 2858 711 2903 mechtildis
751 2861 960 2902 veterum
1001 2857 1282 2911 quorundam
1322 2858 1603 2903 testimonio.
1652 2878 1706 2889 —
1766 2857 1883 2914 Eius
1923 2868 2108 2902 sorores
2146 2857 2196 2901 in
2237 2854 2371 2900 rastis

221 2928 586 2974 Trevireusibas.
626 2950 680 2961 —
731 2926 955 2973 liudolfus
996 2927 1089 2972 sibi
1128 2929 1382 2985 Aquitanos
1425 2928 1654 2974 conciliat.
1695 2950 1749 2961 —
1801 2928 2076 2973 nortbertus
2117 2928 2288 2971 turbat.
2317 2948 2367 2960 -

224 2998 443 3046 liudolfus
481 2999 705 3046 Viennam
745 3000 838 3046 sibi
878 2999 1085 3056 subjicit.
1127 3019 1181 3032 -
1231 3001 1304 3046 An
1330 3013 1360 3046 a
1386 3001 1552 3047 Gar-oio
1579 2999 1878 3047 constantino
1917 2999 2123 3046 Viennae
2161 2998 2371 3055 principe

227 3070 423 3116 sabaudi
450 3071 557 3114 orti.

290 3197 339 3252 1.
405 3195 558 3266 Ilugo
598 3210 696 3252 rex
722 3195 1207 3266 Longobardorum,
1254 3211 1370 3253 cum
1400 3199 1579 3253 omnia
1605 3211 1867 3268 prospere
1893 3197 2263 3266 succederent,
2302 3196 2370 3252 ad
2395 3186 2463 3256 Α.
2482 3185 2624 3256 931).

160 3285 368 3342 Romani
408 3286 616 3354 imperii
659 3284 911 3341 bonorem
950 3285 1239 3357 aspirabat.
1313 3284 1659 3343 Commodum
1697 3287 1984 3358 acciderat,
2023 3289 2099 3357 ut,
2140 3288 2375 3342 extincto

158 3375 389 3445 widone,
429 3373 666 3431 blarozia
704 3373 862 3430 vidua
910 3378 1077 3447 esset,
1125 3387 1265 3445 quae
1309 3387 1437 3431 sese
1481 3377 1760 3445 patriciam
1805 3376 2005 3432 Romae
2051 3373 2274 3445 ferebat,
2320 3377 2381 3430 et

160 3464 443 3525 autoritatis
472 3468 586 3521 erat
612 3466 869 3535 retinens,
898 3479 1056 3535 quam
1078 3478 1109 3519 a
1128 3463 1439 3534 parentibus
1468 3468 1523 3518 in
1540 3465 1675 3521 arbe
1704 3464 2029 3534 potentibus,
2058 3466 2113 3519 et
2132 3462 2379 3519 Alberico

165 3551 452 3609 marchione
479 3555 647 3623 primo
677 3554 865 3608 marito
894 3551 1168 3623 habuerat,
1204 3559 1261 3608 et
1281 3552 1619 3608 adolescenti
1642 3552 1751 3609 tilio
1769 3552 2024 3608 Alberico
2059 3551 2378 3607 destinatam

162 3642 361 3696 interim
387 3640 692 3697 exercebat.
741 3639 872 3711 Ejus
901 3654 1072 3712 nuper
1099 3644 1290 3711 ingens
1311 3640 1686 3697 documentum
1707 3640 1943 3710 dederat,
1973 3641 2188 3709 dejecto
2218 3654 2383 3711 papa3‘

166 3733 218 3784 et
241 3730 294 3786 in
321 3728 494 3786 Leone
525 3730 615 3786 vl.
645 3730 989 3801 surrogando,
1023 3745 1088 3786 ac
1116 3744 1240 3785 mox
1264 3728 1540 3802 Stephano
1572 3729 1685 3785 vll.
1715 3729 2025 3801 potissimas
2054 3731 2171 3797 ejus
2200 3733 2383 3800 partes

167 3817 325 3873 fuisse
350 3823 586 3889 apparet.
651 3818 840 3888 ltaque
869 3818 1144 3876 ducendae
1188 3823 1306 3888 ejus
1345 3819 1628 3874 consilium
1659 3817 1812 3885 Hugo
1841 3819 2001 3890 cepit,
2042 3820 2161 3875 sive
2188 3822 2387 3890 sponte

168 3920 274 3977 sua,
313 3908 440 3978 sire,
487 3912 544 3962 ut
587 3905 941 3977 Luitprandus
984 3908 1116 3978 vult,
1161 3911 1282 3980 ipsa
1326 3907 1563 3964 Marozia
1610 3907 1884 3961 invitante.
1979 3906 2085 3963 Sed
2132 3905 2384 3965 obstabat

168 3998 494 4052 novissimum
522 3995 679 4065 bajus
726 3998 1029 4066 conjugium
1070 4012 1188 4052 cum
1219 3997 1459 4066 Hugonis
1501 3993 1663 4051 fratre
1692 3995 1920 4066 uterino,
1964 4002 2020 4053 et
2046 3998 2228 4066 ignota
2256 4001 2385 4052 tunc

172 4088 276 4141 erat
300 4083 525 4139 Romana
568 4084 917 4156 dispensatio,
958 4089 1261 4141 nostrorum
1304 4089 1599 4157 temporum
1640 4084 1934 4141 remedium
1977 4089 2162 4142 contra
2198 4095 2384 4141 sacras

170 4173 324 4243 leges,
361 4173 613 4243 quicquid
655 4174 724 4230 de
764 4173 937 4229 seculi
977 4173 1174 4231 decimi
1234 4172 1554 4244 corruptelis
1594 4173 1853 4230 Batonius
1898 4173 1987 4230 vel
2028 4175 2125 4230 alii
2155 4177 2383 4243 jactent.

172 4263 341 4332 ltaque
368 4267 721 4318 commentum
764 4264 917 4318 matri
957 4265 1207 4332 injurium
1248 4262 1400 4332 Hugo
1440 4263 1495 4317 in
1523 4262 1719 4332 vulgus
1742 4264 1922 4336 spargi
1950 4268 2113 4334 curat,
2152 4263 2381 4333 Beuum,

174 4363 263 4421 spe
287 4347 443 4418 prolis
471 4351 686 4422 amissa,
718 4343 968 4406 simulato
999 4356 1155 4423 partu
1196 4351 1420 4408 aliarum
1450 4351 1731 4408 mulierum
1766 4351 1986 4423 liberos,
2015 4349 2298 4409 widonem
2327 4356 2384 4409 et

175 4436 504 4507 umbertum,
531 4439 672 4496 addo
699 4443 754 4496 et
782 4438 1211 4516 Ermengardem,
1240 4438 1346 4499 sibi
1373 4442 1744 4516 supposuisse.
