2817 4959
632 298 1161 367 ANNALES
1234 299 1684 370 IMPERII
2140 303 2268 370 617

35 473 384 544 aroprietate
420 473 671 544 quodam,
729 489 890 545 quani
928 475 1074 530 dedit
1124 476 1210 531 illi
1253 473 1373 530 Otto
1418 488 1525 532 rex
1564 478 1626 530 in
1678 477 1844 531 terris
1886 474 2174 533 Simorum
2216 480 2270 532 et
2295 474 2360 544 Λ,
2377 474 2519 544 ⁰52.

35 562 361 631 Πευνὰιρία,
391 560 609 617 donavit
634 563 808 618 dicem
824 577 929 618 res
954 564 1028 617 od
1048 566 1449 633 nonasterium,
1475 564 1621 634 quod
1644 566 1949 620 conserua-tt
1970 564 2272 636 {naucyde-

35 650 168 720 ωας
194 651 262 704 ira
278 649 496 704 honore
516 651 719 706 donnini
738 653 913 706 nostri
927 651 1055 705 ,lesu
1076 651 1272 708 Christi
1287 656 1338 706 et
1362 653 1417 706 S.
1439 652 1584 706 Petri
1603 652 1863 719 principis
1884 654 2266 724 apostolorum,

35 751 128 792 nec
174 751 300 793 non
340 742 662 794 cantatorum
695 738 945 793 mauritii
982 742 1034 793 et
1076 738 1376 794 Innocentii
1403 740 1479 794 ad
1501 754 1658 794 usum
1682 740 2085 810 monachorum,
2111 745 2164 796 et
2190 745 2269 795 est

35 828 172 881 tale:
232 824 567 880 Hiddesltust'
593 831 777 896 [supra
813 826 1142 895 Hildeslmsi]
1181 843 1301 881 cum
1325 831 1444 882 tota
1487 842 1680 882 morea
1723 830 1773 880 el
1810 827 2118 897 Helmyun,
2157 828 2271 883 He-

35 913 167 968 risei
202 917 411 984 tsupra
450 913 668 985 Heri-sti,
723 928 821 970 seu
860 916 1069 985 flerste,
1125 915 1265 984 quod
1308 915 1534 985 malimJ,
1594 915 1957 985 Desinant-od,
2018 915 2267 980 Getriclti,

37 1002 447 1072 Wiuieulwsen,
490 1003 765 1073 Ape-stow,
811 1002 1063 1073 Gutlqu,
1108 1018 1229 1057 cum
1268 1005 1416 1058 omni
1452 1005 1785 1073 proprietate
1827 1006 1879 1057 et
1915 1001 2274 1071 pertinentiis:

35 1089 229 1144 Actum
256 1090 690 1161 Kidalinqoburq
717 1090 1131 1160 [Quodlinburg]
1161 1106 1212 1146 a.
1233 1092 1301 1145 D.
1328 1092 1457 1166 953,
1481 1104 1628 1148 anno
1655 1093 1811 1160 requi
1832 1091 2036 1146 domni
2061 1090 2269 1147 ottonis

35 1179 121 1250 18,
146 1183 311 1235 reete
342 1179 395 1233 si
421 1191 511 1234 res
537 1192 643 1233 non
672 1184 795 1234 aute
812 1178 1006 1235 Julium
1036 1185 1170 1235 acta.

171 1267 231 1324 8.
308 1266 398 1322 Ex
424 1266 508 1322 his
536 1267 898 1336 intelligimus,
925 1267 1200 1337 Bilungum
1231 1269 1476 1323 comitem
1505 1281 1612 1322 non
1640 1268 1974 1339 spernendae
1997 1268 2272 1338 potentiae

35 1355 206 1412 virum
237 1354 440 1411 fuisse.
515 1354 831 1412 Meibomius
871 1357 926 1412 in
952 1355 1208 1411 vindiciis
1250 1355 1561 1424 Billinganis
1601 1370 1699 1425 pro
1739 1361 1891 1425 patre
1933 1356 2093 1412 babet
2131 1358 2271 1413 Her-

35 1447 217 1500 manni
261 1444 441 1513 ducis,
483 1443 552 1500 de
591 1459 696 1514 quo
742 1441 942 1502 dubito.
1011 1442 1194 1502 Refert
1235 1446 1392 1500 etiam
1435 1443 1578 1500 aliud
1608 1443 1820 1499 Ottonis
1849 1443 1919 1499 Μ.
1949 1444 2179 1514 diploma
2214 1445 2271 1500 iu

35 1532 178 1588 bunc
218 1547 483 1590 sensum:
536 1531 662 1603 Nos,
699 1536 1000 1590 interventu
1040 1536 1284 1605 conjugis
1309 1536 1536 1588 nostrae
1557 1532 1859 1588 Adellteidis
1892 1537 1944 1587 et
1974 1531 2076 1601 filii
2099 1535 2273 1588 nostri

41 1621 274 1692 ottonis,
307 1621 556 1676 dedimus
578 1622 833 1677 eeclesiae
858 1623 912 1677 S.
931 1623 1177 1678 Mam-mi
1195 1625 1252 1677 in
1268 1622 1618 1691 Magnetum-9,
1644 1621 1791 1691 quod
1806 1621 2068 1692 Billinqus
2097 1635 2273 1676 eomes

36 1713 93 1766 in
115 1710 360 1780 praedio
389 1709 480 1763 vel
498 1705 631 1776 fisco
659 1710 790 1764 dicti
817 1709 1022 1765 ottonis
1047 1710 1222 1781 (quod
1250 1710 1460 1766 scilicet
1487 1711 1539 1765 in
1565 1708 1879 1766 beneficium
1908 1723 1938 1764 a
1965 1723 2095 1778 rege
2115 1712 2274 1765 tene-

39 1797 176 1876 bat)
205 1803 268 1853 in
309 1797 528 1852 honore
553 1796 607 1850 S
635 1796 895 1853 Joltamis
920 1799 1183 1867 baptistae
1209 1814 1279 1854 ac
1304 1799 1582 1854 beatorum
1609 1798 1756 1853 Petri
1778 1802 1832 1854 et
1855 1798 2013 1853 Pauli
2040 1801 2267 1867 aposco-

38 1887 215 1941 lorum
244 1887 564 1940 construe-it
589 1925 744 1941 .....
813 1886 970 1941 Auno
992 1887 1183 1942 Christi
1207 1887 1333 1957 968,
1361 1890 1516 1959 requi
1531 1889 1618 1952 33,
1645 1888 1855 1959 imperii
1874 1888 1934 1955 ⁷3
1969 1899 2077 1942 non
2095 1890 2272 1943 tamen

38 1972 161 2030 hinc
190 1976 462 2044 sequitur,
491 1973 773 2042 Biuingnm
801 1979 927 2030 tune
949 1974 1121 2031 adbuc
1148 1972 1501 2045 superfuisse.

179 2063 235 2118 9.
314 2060 569 2133 lliploma
597 2060 808 2118 ottonis
844 2062 968 2118 huic
995 2077 1132 2118 anno
1162 2063 1450 2133 ascriptum
1477 2064 1642 2120 refert
1670 2062 1936 2119 Ertwinus
1964 2062 2192 2119 Erdman
2215 2065 2273 2119 in

43 2150 299 2208 chronico
344 2147 768 2220 Osnabrugensi,
808 2149 1170 2222 cranziusque
1211 2153 1422 2222 attingit
1459 2153 1515 2207 iu
1553 2151 1851 2223 Metropoli,
1892 2167 1999 2221 quo
2040 2152 2274 2220 Drugoni

45 2242 307 2309 episcopo
341 2236 776 2307 osnabrugensis
817 2240 1086 2296 ecclesiae
1112 2254 1209 2298 rex
1235 2245 1500 2296 monetam
1529 2245 1584 2295 et
1611 2246 1896 2295 mercatum
1925 2239 2191 2311 publicum
2219 2242 2275 2297 iu

46 2328 451 2396 widenbrugge
479 2328 740 2382 concedit.
814 2328 875 2382 ld
914 2328 1183 2384 Ertwinus
1231 2329 1405 2384 datum
1448 2328 1634 2384 scribit
1660 2330 1862 2400 inipso
1891 2330 2014 2384 loco
2050 2329 2276 2385 Widen-

49 2413 268 2486 brugge,
296 2413 483 2470 Idibus
502 2414 620 2471 Juu.
640 2429 687 2471 a.
708 2414 770 2469 D.
791 2414 911 2485 952,
941 2416 1118 2471 indict.
1136 2418 1187 2471 t.
1241 2415 1497 2473 cranzius
1533 2418 1695 2489 addit,
1715 2431 2006 2490 renovasse
2025 2416 2275 2474 ottonem

49 2508 102 2559 et
127 2505 303 2560 literis
346 2503 645 2557 inseruisse
687 2504 1001 2561 donationes
1044 2505 1315 2560 ecclesiae
1351 2503 1522 2560 factas
1552 2519 1646 2574 per
1673 2505 2005 2562 fundatorem
2032 2505 2278 2575 Magnum

49 2591 323 2660 carolum,
353 2593 410 2644 et
430 2594 640 2658 praeter
676 2595 967 2646 mercatum
976 2590 1248 2661 publicum
1268 2592 1549 2660 vectigalia
1575 2592 1652 2646 ibi
1677 2593 1981 2660 colligenda
2006 2594 2279 2652 ecclesiae

50 2679 290 2736 donasse
335 2676 621 2750 Ottonem;
656 2678 753 2734 sed
793 2676 918 2733 talia
952 2692 1060 2733 non
1087 2677 1333 2747 leguntur
1359 2679 1415 2733 in
1442 2678 1545 2733 hoc
1575 2684 1877 2751 praecepto,
1916 2680 2076 2750 quale
2102 2680 2277 2738 Selia-

49 2770 228 2825 teuius
256 2767 453 2824 nescio
481 2767 622 2824 unde
650 2767 914 2838 produxit.
987 2763 1086 2823 Ubi
1111 2764 1243 2822 nihil
1271 2772 1491 2839 apparet
1518 2769 1731 2839 praeter
1757 2772 2046 2823 mercatum
2074 2773 2131 2824 et
2156 2783 2278 2824 mo-

50 2861 248 2925 netam,
278 2870 350 2912 ac
375 2868 447 2912 ne
472 2855 625 2912 loeus
654 2857 865 2926 quidem
895 2855 1004 2912 dati
1033 2857 1357 2926 exprimitur.
1427 2856 1613 2925 ltaque
1641 2856 1697 2910 in
1724 2868 1836 2910 rem
1861 2855 2059 2925 inquiri
2077 2868 2279 2926 operae

53 2949 282 3014 pretium
313 2946 434 3016 erit,
474 2945 561 3000 vel
592 2945 659 3001 ob
688 2947 904 3015 inserta,
944 2959 1083 3016 quae
1110 2942 1365 3014 feruntur,
1407 2942 1584 3000 Caroli
1619 2948 1923 3015 praecepta.
1995 2943 2276 3000 Caeterum

55 3037 319 3105 suspicor,
359 3046 467 3089 uec
491 3032 587 3089 has
618 3033 826 3090 ottonis
854 3033 1040 3090 literas
1068 3034 1225 3103 nujus
1254 3034 1376 3090 anni
1408 3045 1550 3103 esse,
1586 3047 1704 3088 uam
1733 3046 1802 3088 ex
1831 3031 2060 3088 Ostialia
2084 3047 2193 3089 non
2220 3034 2277 3090 in

56 3118 415 3193 westfaliam,
463 3121 563 3178 sed
589 3124 645 3178 in
672 3125 1001 3193 superiorem
1030 3121 1361 3178 Germaniam
1390 3120 1662 3194 profectus
1690 3122 1914 3178 videtur.

197 3211 283 3267 10.
359 3210 577 3267 Interea
618 3211 969 3281 Berengarius
1010 3214 1261 3282 imparem
1299 3225 1362 3267 se
1403 3212 1662 3283 sentiens,
1703 3211 1948 3282 deposita
1989 3209 2277 3266 resistendi

58 3308 169 3369 spe,
211 3313 407 3370 pacem
444 3302 628 3369 petere
656 3302 852 3372 coepit,
892 3314 1055 3357 suasu
1083 3301 1253 3371 ipsius
1281 3299 1528 3369 conradi,
1570 3301 1656 3355 cni
1681 3299 1956 3370 pulchrum
1977 3298 2275 3371 videbatur,

62 3388 359 3455 supplicem
378 3386 578 3443 babere
610 3401 808 3460 regem,
838 3395 893 3445 et
918 3391 1121 3457 gratiae
1147 3401 1277 3444 snae
1305 3388 1445 3460 apud
1465 3387 1713 3443 ottonem
1741 3391 2122 3460 potentiaeque
2144 3401 2278 3459 spe-

62 3475 231 3532 cimen
262 3477 413 3534 dare.
475 3475 664 3547 ltaque
695 3478 1069 3547 Berengarium
1098 3480 1402 3533 venientem
1429 3478 1484 3531 in
1511 3475 1668 3533 fidem
1697 3475 1887 3549 recipit
1913 3483 1971 3532 et
1996 3490 2179 3533 secum
2207 3477 2276 3533 ad

65 3558 310 3620 ottonem
341 3564 487 3622 ducit
513 3567 571 3620 iu
597 3569 866 3635 potestate
895 3565 1141 3622 futurum.
1215 3564 1411 3623 Locum
1438 3579 1597 3621 nemo
1624 3567 1877 3637 nominat,
1905 3578 2061 3637 quem
2090 3567 2146 3620 in
2172 3564 2278 3621 Sa-

64 3652 215 3706 xonia
242 3655 400 3725 ponit
424 3654 689 3725 appendix
720 3654 1024 3725 Reginonis.
1096 3653 1420 3710 witikindus
1446 3656 1644 3724 regiam
1670 3654 1854 3710 urbem
1881 3657 2060 3709 vocat:
2091 3652 2274 3709 Wala-

69 3733 337 3813 basamne,
377 3757 446 3798 an
480 3745 658 3814 potius
685 3743 1114 3815 magdeburgum,
1149 3756 1253 3813 qua
1275 3744 1503 3802 maxime
1533 3742 1658 3799 Otto
1685 3744 1817 3799 sede
1845 3740 2102 3798 delectari
2129 3742 2279 3798 visus

72 3828 165 3896 est,
190 3842 223 3883 a
251 3843 315 3886 se
345 3836 617 3903 exornata,
661 3837 717 3888 et
752 3834 839 3888 cui
864 3836 1066 3901 majora
1095 3831 1329 3903 parabat.
1400 3831 1702 3890 Honorifice
1743 3835 2025 3901 susceptus
2054 3835 2138 3887 est
2163 3830 2277 3886 Be-

68 3918 352 3990 rengarius,
382 3926 436 3975 et
462 3924 522 3975 ut
547 3933 725 3992 regem
753 3920 998 3977 decebat.
1068 3919 1199 3976 Nam
1226 3922 1408 3990 regiae
1436 3919 1554 3975 urbi
1580 3921 2021 3991 appropinquanti
2048 3918 2275 3975 miliario

69 3998 131 4054 ab
169 4004 301 4062 urbe
341 4014 624 4065 occurrunt
664 4008 830 4065 duces
859 4015 915 4066 et
954 4011 1210 4079 praerecti
1251 4013 1308 4065 et
1340 4008 1710 4080 palatinorum,
1750 4007 1803 4063 id
1842 4011 1929 4064 est
1965 4008 2275 4076 aulicorum,

69 4089 349 4161 primorem
385 4110 417 4152 a
445 4095 638 4166 quibus
665 4099 720 4153 in
749 4096 1035 4169 hospitium
1063 4098 1321 4154 deductus
1351 4101 1451 4153 est.
1523 4096 1631 4154 Sed
1673 4096 1738 4152 ad
1776 4097 2023 4153 ottonem
2061 4096 2275 4151 nonnisi

72 4181 189 4243 post
205 4182 431 4239 triduum
449 4185 715 4242 admissus
743 4191 841 4256 est,
870 4186 1012 4256 quod
1035 4200 1194 4254 aegre
1218 4186 1337 4240 tulit
1355 4185 1647 4256 conradus,
1676 4190 1731 4241 et
1756 4186 1824 4242 ad
1851 4187 2092 4255 injuriam
2123 4196 2274 4239 suam

72 4268 330 4328 pertinere
351 4272 628 4345 judicavit,
643 4277 794 4344 cujus
822 4274 979 4331 iidem
994 4281 1215 4330 secutus
1240 4274 1335 4330 ille
1350 4273 1561 4330 suisset.
1599 4273 1713 4344 Ego
1732 4275 1979 4331 ottonem
2008 4288 2040 4327 a
2068 4273 2275 4328 Beren-

74 4353 213 4416 gario
226 4370 470 4417 aversum
486 4361 655 4419 fuisse
669 4367 812 4434 puto,
826 4362 914 4419 vel
931 4365 1173 4433 coniugis
1186 4362 1356 4419 Adelh
1363 4362 1497 4419 eidis
1516 4377 1693 4435 causa,
1707 4378 1863 4433 quam
1879 4361 1973 4418 ille
1987 4361 2275 4417 crudeliter

77 4441 399 4520 tractaverat,
427 4454 578 4520 cujus
607 4453 845 4509 maritum
876 4455 1036 4509 etiam
1064 4466 1274 4510 veneno
1303 4453 1588 4511 sustulisse
1618 4450 1923 4520 dicebatur3
1951 4462 2054 4507 nec
2081 4456 2275 4521 tamen,
