2817 4959
637 351 1173 423 ANNALES
1241 352 1702 425 IMPERII
2156 358 2283 428 593

29 534 234 595 ignem
261 521 524 597 accendit,
550 525 792 584 sturione
815 519 972 600 'pisce
999 526 1242 599 praebito
1267 528 1611 600 languentem
1637 529 1858 589 refecit:
1898 531 2008 589 tum
2032 531 2282 592 navicula
2303 530 2373 602 A.
2396 529 2535 602 951.

27 620 414 672 transvectam
440 616 498 670 in
525 612 677 684 sylva
702 614 844 672 lacui
874 619 1121 686 contigua
1145 618 1410 689 deposuit.
1465 617 1586 674 illic
1612 631 1711 689 per
1736 621 2086 692 septimanam
2113 620 2287 695 latuit,

31 702 270 759 tandem
298 701 669 773 presbyterum
696 704 761 759 ad
788 703 1109 761 Adalardum
1137 709 1450 777 episcopum
1479 707 1801 776 Regiensem
1827 710 2003 781 mittit,
2049 693 2203 781 cujus
2230 711 2291 769 in

27 790 159 847 fide
189 805 345 863 spem
371 793 662 862 repositam
689 792 938 851 babebat.
1009 793 1325 865 Adalardus,
1359 796 1446 851 cui
1474 797 1730 852 arxsatis
1756 798 1959 852 munita
1983 812 2093 855 non
2121 802 2290 872 esset,

27 878 426 951 presbyterum
466 879 536 935 ad
575 880 820 938 Attonem
863 883 1127 956 comitem,
1168 881 1388 939 militem
1427 883 1524 955 (id
1554 889 1641 941 est
1664 884 1968 957 vasallum)
2007 898 2177 958 suum,
2203 887 2289 964 lxo

27 967 219 1039 jubet,
249 969 342 1038 qui
362 966 657 1026 canossam
684 971 738 1024 in
766 983 902 1041 rupe
927 972 1211 1028 inaccessa
1239 974 1395 1028 sitam
1416 974 1633 1042 egregie
1651 974 1929 1029 munierat.
1983 971 2098 1029 Nec
2123 987 2289 1047 mora,

27 1058 176 1114 Atto
197 1068 500 1112 conscenso
523 1070 663 1127 equo
683 1071 804 1114 cum
826 1059 939 1114 suis
963 1058 1030 1115 ad
1059 1061 1298 1130 reginam
1325 1065 1593 1132 properat,
1612 1073 1839 1132 eamque
1864 1060 1919 1114 in
1942 1073 2119 1116 arcem
2137 1073 2289 1119 suam

27 1146 216 1202 ducit.
291 1143 402 1200 Leo
433 1143 703 1202 Ostiensis
729 1145 981 1203 Attonem
1019 1150 1242 1218 reginae
1281 1151 1632 1221 propinquum
1667 1148 1826 1221 facit3
1868 1147 1967 1205 sed
1994 1147 2063 1206 de
2092 1149 2290 1207 Attene

27 1238 285 1306 ejusque
314 1231 517 1289 familia
542 1248 669 1289 mox
695 1225 946 1305 professo
975 1237 1152 1293 studio
1182 1249 1420 1306 agemus.

191 1324 246 1380 3.
309 1321 505 1379 Lacum
533 1320 775 1378 Donnizo
804 1321 870 1377 ad
897 1322 1163 1381 Mantuam
1191 1337 1396 1395 ponere
1418 1323 1653 1380 videtur:

415 1411 585 1485 Usque
611 1411 792 1467 lacum
813 1414 1050 1486 vertiam,
1077 1428 1231 1485 quem
1253 1416 1440 1469 servat
1463 1413 1697 1468 Mantum
1722 1403 1915 1470 sivum.

27 1501 154 1561 Sed
200 1501 330 1571 qula
371 1492 534 1569 aegre
577 1498 723 1554 credi
764 1504 961 1572 potest,
1003 1514 1109 1556 una
1147 1505 1307 1558 nocte
1349 1504 1552 1557 tantum
1592 1501 1800 1557 itineris
1833 1514 2136 1571 emensam
2185 1516 2289 1573 ego

27 1603 273 1648 sensum
314 1601 443 1645 esse
484 1586 726 1659 arbitror,
764 1601 886 1644 eum
929 1601 1056 1645 esse
1096 1588 1287 1659 lacum,
1327 1588 1474 1645 unde
1508 1587 1736 1646 effluens
1763 1588 1993 1646 Mincius
2022 1592 2192 1648 amnis
2220 1590 2290 1648 ad

27 1679 237 1735 urbem
266 1676 534 1733 Mantuam
560 1678 715 1732 vivas
743 1690 912 1747 aquas
939 1674 1172 1732 advebit.
1246 1677 1515 1734 Benacum
1541 1679 1715 1749 ipsum
1743 1678 1970 1751 scilicet,
1998 1692 2158 1751 quem
2181 1693 2291 1753 ope

27 1767 340 1841 piscatoris
376 1766 660 1833 trajecisse
685 1765 897 1822 videtur
922 1762 1256 1820 Adelbeidis.
1301 1764 1567 1822 Itoswita
1603 1771 1797 1840 narrat,
1838 1769 2076 1837 reginam
2105 1768 2290 1825 comiti
2334 1826 2355 1837 ‚

27 1857 261 1914 cuidam
292 1853 607 1910 servandam
637 1853 828 1924 datam,
870 1867 991 1910 cum
1020 1852 1164 1909 iacto
1192 1855 1339 1909 exitu
1379 1839 1695 1925 aumgissetss
1739 1859 1903 1912 noctu
1929 1859 2290 1926 processisse,

27 1947 305 2016 quantum
333 1944 477 1998 vires
507 1940 724 2015 ferrent,
763 1942 852 1998 die
889 1942 1117 1999 nuncin
1142 1940 1329 2017 sylvis,
1371 1956 1515 1998 nunc
1553 1944 1695 1999 inter
1719 1941 1972 2000 frumenti
1999 1945 2197 2001 aristas
2225 1957 2290 2001 se

27 2032 380 2100 condidisse,
444 2035 499 2086 et
540 2033 863 2102 quaerentes
904 2033 1257 2100 segetemque
1300 2031 1523 2101 perticis
1563 2031 1652 2088 vel
1697 2031 1906 2088 lanceis
1951 2035 2290 2092 excutientes

27 2127 226 2179 tamen
274 2120 515 2176 latuisse.
586 2118 696 2176 Sed
741 2120 888 2190 prior
929 2119 1164 2175 narratio
1212 2118 1524 2175 credibilior
1567 2119 1795 2190 videtur,
1840 2122 1898 2176 et
1934 2123 2047 2189 jam
2092 2120 2289 2188 dudum

27 2209 244 2268 messis
288 2208 654 2279 praeterierat,
702 2220 822 2262 cum
862 2206 960 2263 illa
1000 2205 1150 2278 fugit.
1222 2207 1464 2265 Roswita
1499 2206 1752 2264 Attonem
1791 2208 2075 2279 ignoravit,
2116 2209 2288 2267 solius
2395 2277 2406 2286 ι

27 2295 318 2374 praesulis
348 2296 598 2352 Adalardi
625 2297 882 2352 meminit.

184 2387 239 2440 4.
313 2385 374 2442 In
415 2385 539 2442 albo
582 2383 723 2440 bene
764 2387 1069 2441 meritorum
1109 2382 1385 2442 ecclesiae
1424 2385 1871 2455 metropolitanae
1896 2385 1951 2440 S.
1974 2382 2120 2441 Petri
2147 2382 2290 2457 apud

27 2475 316 2546 Treviros,
343 2472 480 2530 baec
505 2473 788 2529 Browerus
814 2475 1051 2546 reperit:
1125 2474 1209 2529 12.
1237 2472 1463 2530 Kalmd.
1490 2474 1635 2543 Maji
1667 2477 1832 2544 capta
1872 2478 1950 2530 est
1985 2474 2291 2531 Adcmeidia

27 2564 377 2637 imperati-221:
417 2562 595 2618 Cumis
621 2577 659 2617 a
686 2561 1023 2631 Berenqario
1048 2573 1190 2628 rcqe.
1281 2561 1366 2617 13.
1411 2560 1637 2617 Kalend.
1679 2563 2003 2632 Septembris
2040 2562 2292 2618 liberavit

27 2652 316 2710 Dominus
341 2650 679 2706 Adsuetum
705 2651 954 2720 reginam
981 2665 1018 2704 a
1041 2648 1287 2705 vinculis.
1358 2647 1511 2706 Unde
1545 2650 1628 2705 rei
1653 2655 1847 2720 gestae
1882 2654 2096 2721 tempus
2122 2648 2290 2706 intel-

27 2741 243 2813 ligitur.
317 2738 400 2795 12.
428 2737 543 2795 Kal.
573 2741 779 2809 captam
808 2733 992 2794 Cumis
1029 2735 1194 2792 babet
1222 2735 1384 2793 etiam
1411 2735 1694 2808 immarus,
1737 2740 1798 2794 ut
1834 2749 1866 2792 a
1894 2750 1980 2793 me
2007 2738 2289 2794 restitutus

27 2838 145 2891 est.
202 2829 382 2885 Potuit
406 2828 604 2899 Papiae
620 2827 820 2898 vexari,
849 2823 1030 2881 Cumis
1056 2826 1114 2880 in
1132 2822 1348 2880 vincula
1367 2827 1581 2896 conjici,
1609 2825 1738 2880 inde
1765 2823 1832 2880 ad
1854 2822 2080 2881 Gardam
2107 2837 2290 2882 arcem

27 2917 356 2979 mnsierri:
409 2919 595 2987 itaque
630 2914 764 2973 nibil
819 2913 907 2970 bic
943 2915 1206 2983 repugnat
1245 2912 1419 2968 dictis.
1504 2914 1577 2969 At
1613 2911 2014 2970 Novaliciensis
2054 2914 2286 2983 scriptor

27 3008 407 3068 narrationem
449 3020 548 3062 sna
586 3004 964 3063 maledicentia
1000 3000 1202 3058 foedat.
1291 3000 1560 3058 Clericum
1588 3001 1853 3072 quendam
1882 3000 2153 3056 warinum
2180 3014 2288 3058 no·

27 3102 193 3159 mine
232 3098 291 3151 in
329 3096 567 3165 reginam
608 3093 863 3150 latentem
900 3090 1161 3148 incidisse
1187 3093 1245 3147 et
1270 3094 1536 3147 amantem
1574 3092 1774 3162 egisse,
1815 3104 1847 3147 a
1873 3090 2060 3160 regina
2099 3093 2283 3151 tanen

27 3186 318 3262 evulsam
346 3197 581 3256 passum,
622 3181 950 3253 pedissequa
989 3179 1292 3237 substituta.
1364 3177 1631 3235 clericum
1660 3193 1692 3235 a
1720 3179 1797 3234 cri
1810 3180 1956 3235 mine
1983 3179 2127 3234 omni
2154 3177 2289 3235 abs-

27 3276 296 3344 iuuisse,
324 3276 381 3328 et
399 3270 594 3330 deinde
612 3271 831 3341 reginae
859 3267 1046 3325 favore
1072 3269 1140 3324 ad
1167 3267 1526 3324 Mutinensem
1556 3270 1927 3340 episcopatum
1953 3268 2288 3339 pervenisse.

27 3365 159 3426 3011
184 3361 435 3419 warinus
462 3360 780 3417 Mutinensis
811 3359 1100 3429 episcopus
1138 3356 1348 3413 demum
1386 3356 1564 3414 iactus
1590 3371 1637 3411 a.
1657 3355 1722 3411 D.
1742 3356 1899 3429 1003,
1939 3356 2151 3427 quando
2174 3359 2289 3426 jam

27 3453 263 3516 sitierat
302 3448 629 3519 Adelbeidis‚
673 3450 728 3503 et
756 3449 805 3502 si
832 3447 975 3503 idem
1013 3446 1139 3501 huic
1180 3443 1336 3516 foret,
1379 3443 1687 3515 decrepitus
1717 3444 1925 3501 demum
1952 3458 2123 3501 senex
2148 3443 2290 3501 hanc

27 3524 360 3615 lignitatem
388 3538 728 3594 obtinuisset.
799 3534 1151 3594 Adelbeidem
1186 3531 1522 3605 pulchritudo
1552 3546 1650 3590 sua
1677 3539 1733 3591 et
1758 3532 1972 3590 fortuna
1998 3532 2288 3602 singularis

27 3627 253 3693 Fabulis
281 3631 335 3682 et
362 3625 641 3682 calumniis
672 3622 956 3680 obnoxiam
986 3622 1132 3681 fecit.

192 3718 244 3771 5.
314 3713 681 3784 Berengarius,
706 3711 986 3769 intellecta
1008 3713 1229 3780 reginae
1259 3708 1383 3780 iuga
1410 3709 1646 3782 locoque
1667 3720 1941 3780 secessus,
1972 3721 2092 3764 cam
2112 3709 2287 3778 copiis

27 3805 341 3871 Canusium
381 3802 615 3873 advolat,
654 3801 889 3869 reginam
927 3799 1031 3856 sibi
1058 3799 1185 3856 dedi
1207 3798 1392 3870 jubet3
1436 3801 1690 3857 Attonem
1728 3800 2013 3865 negantem
2056 3794 2288 3855 obsidet.

27 3895 296 3959 Donaizo
321 3889 605 3962 fabulatur,
632 3890 898 3960 Attonem,
927 3892 1149 3958 recepta
1175 3889 1374 3959 regina,
1400 3887 1699 3946 iohannem
1719 3898 1910 3958 papam
1930 3885 2287 3960 consuluisse,

27 3989 211 4056 hujus
253 3992 417 4035 suasu
457 3992 577 4035 eam
605 3978 789 4036 Ottoni
814 3977 1061 4036 Veronae
1096 3978 1275 4046 agenti
1302 3977 1609 4033 adduxisse.
1680 3975 1813 4031 Tum
1841 3973 2052 4032 demum
2080 3973 2289 4034 Beren-

27 4073 256 4151 guium
293 4066 648 4138 intellexisse,
688 4081 797 4137 quo
838 4066 961 4122 loco
991 4070 1143 4124 esset
1168 4062 1502 4136 Adelbeidis,
1546 4069 1603 4120 et
1631 4064 1881 4152 Attonem
1921 4063 2096 4121 tribus
2129 4065 2289 4122 annis

27 4176 175 4225 mm
202 4157 421 4213 dimidio
448 4155 785 4224 obsessisse;
829 4159 955 4211 tunc
983 4152 1233 4210 ottonem
1273 4155 1330 4209 in
1356 4153 1561 4237 ltaliam
1589 4151 1790 4209 auxilio
1816 4154 2052 4223 venisse,
2079 4149 2287 4210 Beren-

27 4250 257 4328 3arium
284 4248 495 4317 captum
523 4243 831 4301 abduxisse.
902 4244 1039 4299 Huic
1077 4243 1419 4299 successisse
1458 4238 1625 4297 filium
1666 4240 2028 4310 Adelbertam‚
2072 4237 2139 4293 ab
2179 4238 2286 4296 boc

27 4348 246 4400 iterum
272 4332 432 4403 longo
459 4339 702 4403 tempore
730 4332 1014 4389 obsessum
1030 4331 1299 4400 Attonem,
1327 4343 1359 4385 a
1377 4328 1608 4387 Ludolt’o
1629 4329 1845 4388 ottonis
1864 4329 1975 4386 filio
2003 4330 2058 4383 ia
2077 4326 2286 4385 Italiam

27 4432 221 4489 misso
267 4421 566 4491 liberatum,
612 4420 711 4479 sed
753 4419 1034 4478 Ludolfum
1078 4419 1137 4476 in
1179 4416 1384 4491 praelio
1427 4419 1496 4475 ab
1537 4418 1834 4476 Adelberto
1875 4419 2129 4487 occisum,
2173 4419 2288 4472 tum

27 4512 402 4576 Adelbertum
431 4509 669 4581 iugatum
694 4510 964 4570 exulasse.
1035 4508 1187 4573 Quae
1212 4507 1470 4580 pleraque
1499 4511 1677 4566 omnia
1716 4508 1902 4577 inepta
1941 4509 2080 4568 sunt.
2152 4502 2287 4562 Cum

155 4627 421 4666 nutans
448 4627 680 4663 rrrrxan
705 4626 831 4664 sorr.
859 4613 923 4661 11.
1776 4615 1863 4682 38

2787 487 2795 642 —n—u—
2793 467 2795 470 .
2791 449 2795 452 1
2789 253 2795 410 —n-.-—.
