2817 4959
562 319 1100 396 annates
1161 326 1626 399 invasu
1930 275 1943 288 '
2072 331 2239 401 321·

36 495 250 556 »eflae
283 499 657 571 memque
697 501 1011 575 episcopum
1053 505 1226 561 creari
1266 504 1483 564 debere.
1539 505 1603 564 In
1632 506 1858 566 eundem
1884 517 2104 567 sensnm
2131 508 2201 566 ad
2226 507 2453 584 Lm.

37 587 209 644 olan
242 587 532 645 scribens:
586 589 793 661 Prisca,
835 590 1020 663 inquit,
1048 597 1379 650 consuetudo
1405 600 1459 651 et
1494 598 1650 667 requi
1673 597 1927 653 nobilitas
1964 601 2206 671 πέφυκέ,
2274 593 2283 606 ’

36 691 193 732 remo
227 681 522 747 episcopus
548 680 829 734 ordiuntur
861 682 980 734 sine
1014 684 1168 751 νομέα
1184 682 1447 747 jussione.
1514 683 1794 742 Caeterum
1822 687 2075 760 ostendit,
2114 690 2206 744 in-

36 772 87 820 ta
121 764 244 819 sibi
277 777 431 836 esse,
472 778 612 835 quae
651 768 767 835 regi
797 781 828 821 a
857 766 1178 833 Giselberto.
1216 773 1527 838 praesertim
1565 774 1804 846 adversa,
1847 775 2204 844 accidissent3

36 853 312 924 [uicquid
343 868 376 909 a
403 867 466 910 se
492 854 613 924 opis
653 853 924 927 proficisci
966 859 1156 928 possit,
1199 856 1500 914 liberaliter
1524 859 1825 930 pollicetur.
1880 863 2013 933 Regi
2042 866 2205 923 etiam

36 940 247 1012 nificat,
313 941 608 998 Hubertum
654 944 915 1014 quendam
961 959 1050 1001 res
1097 945 1368 1003 Romanae
1415 948 1687 1005 ecclesiae
1734 962 1829 1019 per
1875 954 2101 1022 praedas
2146 956 2208 1011 et

36 1030 209 1087 endia
255 1030 520 1102 violasse,
560 1045 737 1103 neque
779 1039 870 1088 ant
911 1048 942 1089 a
982 1047 1045 1090 se
1086 1040 1178 1091 aut
1213 1049 1246 1091 a
1281 1034 1602 1105 Berengario
1643 1039 1965 1108 imperatore
2006 1041 2074 1097 ad
2113 1053 2207 1098 res

37 1118 267 1174 dendas
313 1123 371 1174 et
408 1119 835 1177 emendationem
878 1121 1005 1178 t'acti
1045 1123 1235 1179 adduci
1277 1125 1537 1193 potuisse.
1614 1124 1801 1195 ltaque
1831 1130 2205 1192 communione

36 1208 197 1263 ilium
243 1207 526 1263 exclusum
566 1221 722 1266 esse:
770 1209 912 1280 quod
956 1224 1137 1281 regem
1182 1225 1351 1268 nosse
1390 1211 1540 1283 velit,
1585 1226 1654 1268 ue
1698 1227 1853 1284 quem
1894 1216 2093 1272 bomini
2135 1230 2205 1275 ex

36 1311 118 1360 no
149 1309 262 1352 suo
294 1309 456 1365 opem
487 1295 630 1352 ferre
657 1299 904 1368 patiatur.
956 1299 1086 1362 Quis
1127 1299 1224 1356 ille
1267 1299 1535 1358 Hubertus
1577 1300 1753 1375 suerit,
1780 1308 1993 1379 potens,
2022 1306 2202 1379 credo,

56 1398 132 1440 ex
159 1383 393 1441 Umbria
420 1383 703 1453 Tusciam,
731 1386 958 1458 amplius
985 1389 1374 1458 inquirendum.

89 1474 149 1529 9.
218 1471 381 1536 Quod
409 1472 513 1527 iter
538 1472 592 1526 in
619 1471 826 1527 ltaliam
853 1475 1079 1530 intutum
1107 1476 1351 1547 pontifex
1377 1482 1636 1552 agnoscit,
1662 1481 1727 1536 ad
1746 1481 2047 1539 Saracenos
2070 1496 2202 1555 per-

38 1565 104 1631 et,
149 1562 251 1633 qui
291 1572 362 1615 ex
387 1559 668 1615 Fraxineto
703 1558 1018 1617 Provinciae
1057 1565 1254 1634 oppido
1295 1566 1463 1637 Alpes
1498 1567 1843 1627 infestabant.
1906 1572 2097 1642 ltaque
2130 1571 2200 1628 ad

36 1665 153 1705 num
182 1653 511 1719 sequentem
538 1647 870 1704 Frodoardus
899 1652 1153 1722 meminit,
1184 1652 1385 1723 Anglos
1407 1657 1665 1725 quosdam
1688 1658 1907 1715 Romam
1932 1664 2203 1731 petentes,

36 1747 97 1793 'er
126 1737 413 1806 angustias
441 1738 696 1793 montium
731 1735 998 1808 lapidibus
1040 1737 1262 1795 obrutos
1305 1746 1551 1813 periisse.
1607 1745 1713 1800 Alii
1753 1748 1961 1804 itineris
1991 1748 2203 1805 securi-

36 1831 126 1882 *ern
167 1825 343 1882 multa
381 1828 611 1897 pecunia
650 1826 916 1882 redimere
958 1826 1299 1896 cogebantur.
1363 1830 1719 1901 Luitprandus
1753 1836 1908 1890 initio
1942 1834 2203 1893 historiae

36 1914 149 1985 lert,
182 1918 445 1983 regnante
490 1916 546 1970 in
587 1916 796 1971 oriente
836 1912 1018 1971 Leone
1059 1914 1243 1970 Basilii
1289 1915 1419 1990 filio,
1471 1920 1662 1987 viginti
1701 1919 2000 1978 Saracenos
2041 1923 2204 1980 lintre

37 2018 132 2059 rvo
174 2017 324 2059 oram
364 2003 655 2074 Hispaniae
695 2002 989 2074 solventes,
1027 2005 1082 2058 vi
1109 2008 1388 2062 ventorum
1428 2007 1484 2062 in
1522 2006 1650 2062 litus
1685 2006 1993 2065 Provinciae
2031 2014 2201 2085 actos,

36 2097 136 2148 ‚ctu
163 2094 541 2148 excensionem
571 2090 773 2148 fecisse
800 2106 966 2163 prope
996 2092 1328 2149 Fraxinetum
1357 2093 1555 2166 villam,
1584 2096 1639 2151 in
1665 2094 1896 2153 confinio
1924 2096 2116 2155 Italiae
2143 2104 2206 2157 et

37 2182 282 2236 evinciae
299 2183 469 2252 sitam,
482 2180 847 2251 Jugulatisque
867 2181 1060 2237 incolis
1078 2180 1255 2237 locum
1275 2185 1548 2240 tenuisse:
1576 2189 1684 2240 tum
1702 2183 1941 2241 Maurum
1963 2190 2200 2245 montem

37 2272 283 2342 oximum,
323 2270 553 2325 dumetis
587 2270 867 2340 consitum,
913 2272 1150 2326 munisse
1182 2271 1374 2343 spinea
1413 2273 1678 2346 indagine,
1725 2278 1951 2343 angusto
1994 2278 2198 2332 tantum

36 2357 118 2414 litu
163 2360 380 2428 relict03
428 2357 624 2415 deinde
668 2358 849 2413 socios
895 2357 1038 2413 domi
1083 2361 1415 2430 accersisse3
1464 2376 1532 2417 ex
1578 2375 1646 2417 eo
1693 2376 1904 2419 omnem
1947 2364 2200 2421 viciniam

37 2447 228 2504 testam
252 2447 520 2503 babuisse.
585 2447 763 2518 Aiunt,
792 2445 952 2503 bodie
993 2447 1169 2503 locum
1196 2446 1453 2505 Frainetti
1478 2453 1694 2506 nomine
1734 2452 1792 2508 in
1821 2452 2060 2509 dioecesi
2091 2452 2198 2508 Fo-

36 2537 255 2606 anliensi
292 2549 596 2608 superesse.
661 2533 913 2591 Scribunt
941 2536 1169 2609 quidam,
1209 2535 1404 2593 deletis
1448 2552 1496 2594 a.
1522 2537 1585 2596 D.
1615 2538 1735 2597 916.
1764 2539 2066 2612 Saracenis,
2107 2542 2199 2612 qui

39 2625 358 2682 rGariliano
400 2623 725 2694 incubarant,
772 2637 894 2680 mox
935 2625 1073 2680 alios
1115 2639 1183 2682 ex
1210 2624 1394 2681 Africa
1433 2628 1490 2682 in
1530 2640 1713 2683 eorum
1753 2626 1931 2683 locum
1958 2630 2198 2699 venisse,

38 2729 87 2772 m
131 2717 276 2772 inter
324 2710 637 2771 Landulfum
692 2712 999 2783 Capuanum
1041 2715 1336 2783 principem
1394 2718 1452 2769 et
1498 2714 1736 2771 Graecos
1792 2728 1934 2771 nova
1973 2715 2198 2773 dissidia

38 2806 345 2862 stetissent.
394 2801 471 2857 Ea
490 2803 887 2874 opportunitate
912 2815 1043 2858 usos
1067 2815 1376 2858 communes
1403 2801 1607 2873 hostes,
1631 2801 1875 2874 Apuliam
1895 2800 2196 2859 Calabriam

38 2897 292 2963 mtiosque
327 2894 588 2962 vastasse,
634 2891 847 2949 tandem
892 2893 1055 2948 etiam
1093 2893 1237 2946 circa
1278 2906 1325 2947 a.
1366 2890 1432 2947 D.
1459 2894 1494 2931 ¹·
1536 2891 1901 2948 Beneventum
1946 2891 2196 2962 cepisse;

38 2995 91 3039 tn
123 2981 312 3039 eodem
339 2982 575 3049 tempore
604 2980 753 3035 ltalia
780 2977 848 3035 ab
885 2978 1054 3035 altera
1085 2983 1240 3049 parte
1267 2977 1632 3047 Hungarornm
1662 2981 1864 3033 terrore
1896 2981 2194 3047 urgeretur.

38 3069 355 3127 hbistoricns
377 3066 575 3123 Samnii
597 3067 895 3124 Ciarlantus
924 3065 1249 3123 Sabellicnm
1279 3072 1515 3136 secutus,
1543 3079 1682 3137 quae
1710 3077 1779 3121 ex
1804 3064 2197 3136 antiquioribus

38 3156 316 3230 inprobata
340 3155 553 3212 vellem.
607 3155 755 3213 Idem
794 3161 943 3213 notat
972 3153 1037 3212 ab
1065 3154 1187 3211 aliis
1214 3156 1623 3227 occupationem
1649 3155 1941 3211 Beneventi
1970 3157 2025 3210 in
2051 3170 2099 3210 a.
2128 3154 2193 3213 D.

39 3245 92 3305 io.
124 3245 344 3303 differri:
373 3244 499 3300 mibi
527 3248 781 3316 suspecta
806 3248 906 3301 est.
971 3245 1260 3301 Normanni
1287 3244 1392 3299 hoc
1418 3248 1660 3316 tempore
1688 3256 1899 3299 omnem
1934 3244 2196 3303 minorem

38 3335 295 3392 titanniam
319 3336 540 3404 vastant,
583 3332 776 3390 incolis
803 3335 1000 3389 occisis
1028 3333 1115 3389 vel
1147 3335 1355 3404 ejectis.
1422 3332 1570 3387 Tunc
1611 3345 1836 3403 corpora
1873 3335 2193 3406 sanctorum,

38 3435 114 3492 pte
145 3428 294 3481 erant
316 3424 369 3479 in
393 3421 680 3492 Britannia,
721 3424 774 3476 in
801 3424 978 3479 varias
1006 3424 1254 3492 regiones
1283 3424 1557 3491 asportata
1583 3423 1724 3477 sunt.
1791 3420 1873 3476 lta
1900 3419 2193 3479 chronicon

38 3509 328 3570 tilicbaelis
355 3513 406 3566 in
435 3509 675 3582 periculo
703 3512 880 3581 maris,
908 3526 940 3567 a
965 3509 1181 3566 Labbeo
1214 3510 1427 3566 editum.

121 3602 206 3659 10.
275 3599 330 3655 In
377 3597 528 3655 ltalia
576 3602 791 3669 praeter
838 3597 1035 3669 turbas,
1090 3613 1224 3670 quas
1278 3598 1547 3654 Hubertus
1602 3597 1781 3669 dabat,
1833 3597 2194 3656 rebellionem

38 3683 262 3748 liclricns
287 3688 530 3759 marchio,
557 3688 775 3743 natione
801 3686 1027 3758 Suevos,
1056 3702 1176 3744 cum
1202 3687 1326 3743 aliis
1355 3685 1724 3743 meditabatur.
1782 3687 1942 3744 Extat
1967 3684 2192 3758 privile-

38 3778 124 3838 ‚ium
168 3779 508 3848 imperatoris,
557 3776 834 3833 canonicis
880 3775 1129 3833 abbatiae
1173 3775 1432 3832 Jobannis
1476 3775 1745 3847 baptistae
1791 3775 1860 3831 de
1902 3774 2193 3847 modoetia,

40 3872 275 3924 atervam
308 3864 544 3921 widonis
580 3865 825 3935 episcopi
869 3870 928 3921 et
966 3863 1217 3937 odelrici,
1258 3880 1417 3936 quem
1453 3865 1710 3935 inclytum
1750 3863 2107 3921 marchionem
2134 3866 2192 3921 et

41 3959 125 4013 acri
151 3955 322 4026 palatii
357 3957 439 4010 sui
466 3954 756 4023 gloriosum
786 3955 1034 4010 comitem
1075 3953 1328 4026 appellat,
1369 3953 1550 4011 datum
1590 3954 1711 4009 Kal.
1737 3953 1842 4007 Jut.
1872 3967 2020 4008 anuo
2047 3953 2191 4007 dom.

40 4057 198 4100 acam.
224 4044 335 4114 920,
375 4043 576 4098 domini
612 4042 938 4113 Berenqarii
969 4045 1192 4112 piissimi
1218 4045 1359 4114 repis
1385 4045 1477 4116 24,
1516 4044 1730 4113 imperii
1756 4044 1955 4114 quinto,
1991 4042 2105 4099 ind.
2130 4042 2187 4097 8.

40 4128 94 4187 ieci
124 4133 339 4188 amicitia
361 4144 468 4186 non
491 4130 580 4187 diu
603 4132 822 4187 duravit.
871 4130 940 4186 Et
957 4129 1239 4187 odelricus
1265 4132 1320 4188 in
1337 4134 1552 4188 vincula
1574 4133 1869 4202 conjectuS,
1904 4127 2189 4187 Lamberto

40 4217 442 4279 lediolanensinm
482 4211 718 4292 praesuli
758 4221 1052 4277 servandus
1093 4220 1262 4278 datur.
1311 4223 1375 4278 At
1400 4219 1617 4300 praesul
1646 4219 1860 4277 occulto
1900 4220 1954 4274 in
1983 4220 2190 4278 Beren-

40 4315 190 4373 urinm
229 4309 340 4365 odio
385 4308 653 4379 flagrabat,
697 4309 838 4380 quod
884 4310 1046 4366 multa
1092 4313 1323 4381 pecunia
1366 4314 1643 4368 emunctus
1691 4315 1858 4380 esset,
1903 4313 2187 4379 antequam

40 4400 175 4456 todem
200 4398 429 4454 obtinere
454 4401 715 4468 potuerat,
742 4402 962 4454 coaetus
990 4401 1104 4469 regi
1132 4400 1276 4471 dare,
1303 4403 1555 4470 quantum
1583 4398 1909 4471 cubicularii,
1937 4401 2189 4469 qnantum

83 4507 121 4560 ⁸)
145 4507 205 4548 ita
227 4503 362 4548 Lean.
388 4506 540 4547 misso
565 4517 766 4556 nanum·
802 4517 842 4548 c.
864 4517 907 4550 a.
925 4505 980 4549 D.
1004 4511 1158 4561 puro·
1184 4506 1341 4552 delevit
1365 4505 1557 4552 team-d.

109 4603 334 4639 anans
364 4602 586 4636 rursm
615 4604 735 4638 ron.
765 4593 826 4639 11.
1644 4599 1722 4664 21
