2817 4959
723 257 1780 331 ANNALEsrurnau
2094 237 2101 242 ’
2225 271 2345 338 sn
2454 251 2455 254 ‘

75 431 432 493 mahtildis
475 431 692 490 iratum
732 432 934 501 suisse;
975 434 1046 492 de
1070 447 1177 508 quo
1203 435 1345 494 infra
1371 437 1588 495 dicendi
1613 437 1775 496 locus
1792 437 1911 498 erit.
1981 439 2153 499 Aliam
2175 441 2348 502 adhuc
2374 446 2443 517 fl.
2467 443 2600 518 011,

77 527 341 595 reginae
399 533 642 579 sororem
682 523 1036 596 Amalradam,
1092 539 1315 582 uxorem
1341 526 1649 584 >Eberhardi
1693 529 1749 583 in
1788 523 2128 601 Hamalanda,
2140 547 2143 554 ·
2171 527 2229 587 i'd
2270 537 2355 590 est

85 611 336 670 cliviae
373 615 544 685 parte,
572 612 800 683 comitis,
829 618 1053 669 matrem
1082 613 1461 674 Theodericii.
1493 619 1737 687 episcopi
1763 616 2040 689 uetansis,
2068 621 2349 680 ‹lidiciinus
2438 663 2447 684 ,

82 715 163 759 ex
208 701 392 771 hujus
430 703 559 772 vita,
600 702 656 756 in
696 700 872 758 lucem
912 703 1139 773 primum
1165 717 1197 760 a
1223 703 1382 760 nobis
1418 705 1701 834 preducta
1696 721 1743 764 a
1768 706 2049 777 sigeberto
2088 707 2375 801 historico·

87 794 338 862 scripta.
1161 823 1168 832 -

257 883 353 938 10.
428 878 586 951 Apud
629 878 812 935 Gallos
855 878 1003 936 furor
1041 878 1467 939 Normannornm
1501 823 1833 942 novissimus
1854 885 2085 944 Rollen‘o
2110 831 2348 963 ductore}

96 972 421 1029 dmeviit:
484 983 555 1026 ex
593 980 662 1024 eo
710 969 853 1025 enim
899 968 1016 1028 fere
1059 971 1272 1041 placida
1316 986 1454 1045 pace
1499 975 1779 1045 composti,
1832 987 2096 1033 concessa
2139 979 2352 1047 potiore

97 1059 408 1116 neustriae
453 1058 748 1114 maritimae
785 1063 953 1129 parte,
995 1061 1270 1132 quievere,
1312 1061 1448 1117 duce
1489 1064 1609 1131 ipso
1649 1062 1718 1118 ad
1760 1062 1957 1119 Christi
1996 1064 2201 1120 cultum
2230 1059 2352 1124 cuni

97 1146 444 1220 primoribus
486 1159 702 1202 suorum
742 1146 990 1202 adducto.
1063 1147 1221 1204 Rollo
1261 1148 1457 1205 dudum
1486 1149 1866 1220 Rothomagum
1913 1149 2159 1223 tenebat3
2200 1158 2353 1211 etex

105 1236 349 1292 Dudone
366 1234 737 1306 intelligimus,
759 1235 1100 1308 hannonem,
1125 1236 1232 1292 loci
1250 1237 1573 1309 praesulem,
1594 1241 1920 1296 induciarum
1944 1243 2085 1312 apud
2098 1239 2351 1300 carolum

105 1326 527 1380 conciliatorem
554 1322 755 1380 fuisse:
786 1328 913 1396 quin
942 1331 996 1382 et
1016 1326 1083 1381 de
1102 1324 1413 1382 foederibus
1438 1331 1563 1383 tunc
1582 1335 1765 1384 contra
1786 1328 2024 1386 odonem
2046 1323 2351 1405 co'gitatum,

113 1414 382 1471 credibile
413 1417 531 1478 est;
568 1414 877 1482 indignante
904 1413 1034 1469 licet
1046 1413 1284 1472 Falcone
1297 1415 1565 1486 Remensi,
1594 1419 1685 1486 qui
1712 1419 1855 1487 regis
1870 1431 2010 1489 pene
2036 1424 2349 1490 magistrum

113 1503 330 1574 agebat,
359 1504 497 1559 utin
516 1501 747 1572 epistola
777 1503 832 1558 ei
864 1504 1063 1574 scripta
1086 1496 1337 1559 ostendit.
1394 1503 1640 1561 inducias
1663 1513 1839 1563 tamen
1860 1510 2059 1564 coiisse
2077 1513 2350 1580 pestremo

113 1597 356 1663 apparet,
386 1590 626 1646 fortasse
654 1588 752 1645 sub
781 1590 994 1658 tributo,
1022 1606 1160 1661 quae
1187 1605 1329 1648 nunc
1355 1594 1570 1650 tandem
1599 1596 1859 1666 abruptae
1886 1601 2037 1660 sunt:
2082 1610 2197 1652 cum
2224 1597 2351 1654 hinc

113 1679 454 1736 normannos
481 1680 796 1749 praedarum
825 1680 1089 1749 cupiditas
1115 1681 1171 1734 in
1198 1682 1496 1751 Rollonem,
1520 1683 1673 1738 illinc
1699 1697 1955 1755 proceres
1985 1674 2349 1741 conditionum

119 1770 410 1837 indignitas
463 1771 522 1824 in
568 1767 814 1823 Carnium
868 1767 1183 1823 stimularet.
1270 1768 1563 1825 Richardus
1606 1774 1858 1843 princeps
1902 1773 2348 1843 Burgundionum,

122 1855 389 1912 liebertus
424 1857 904 1927 Andegavensium,
951 1855 1154 1911 Ebolus
1181 1856 1596 1914 Pictaviensium
1622 1862 1737 1929 regi
1766 1873 1916 1931 opes,
1956 1862 2120 1931 vires,
2160 1867 2350 1917 manus

124 1944 433 2001 offerebant.
501 1944 707 2000 Ebolus
747 1958 919 2016 nuper
944 1944 1279 2000 pictavorum
1319 1946 1505 2002 urbem
1544 1953 1708 2002 noctu
1743 1949 2035 2019 ingressus,
2063 1961 2199 2017 rege
2220 1962 2350 2018 per-
2399 1993 2406 2014 .

119 2036 364 2090 mittente
391 2033 642 2099 tenebat3
697 2032 839 2089 filius
867 2031 1088 2102 Ranulfl,
1118 2033 1232 2105 sed,
1261 2034 1309 2088 si
1336 2034 1600 2091 Ademaro
1629 2035 1911 2109 credimus,
1938 2047 2005 2091 ex
2035 2037 2349 2094 concubina.

115 2121 193 2178 lta
219 2123 288 2178 ad
315 2135 467 2178 arma
492 2122 708 2193 reditur,
754 2135 893 2191 quae
930 2120 1187 2192 barbaris,
1223 2123 1337 2190 jam
1364 2123 1539 2193 quieti
1565 2122 1821 2196 adsuetis,
1860 2124 1998 2180 haud
2041 2127 2176 2181 satis
2212 2131 2349 2196 'pre-

116 2224 271 2282 spera
301 2210 478 2267 fuere.

254 2302 342 2357 11.
419 2299 581 2356 Initia
608 2301 786 2356 tamen
811 2298 958 2356 laeta
983 2302 1102 2356 visa
1130 2305 1268 2372 sunt,
1304 2301 1521 2374 praedis
1548 2313 1648 2374 per
1673 2301 1974 2359 Neustriam
2016 2304 2071 2361 et
2097 2293 2345 2375 Burgun-

118 2388 251 2446 dim
293 2391 467 2455 actis;
513 2388 689 2444 donec
745 2391 803 2444 in
844 2386 1193 2446 Garnotensis
1233 2390 1382 2446 urbis
1425 2391 1706 2447 obsidione
1745 2392 1988 2452 haesere.
2060 2394 2347 2450 Albericus

112 2479 238 2534 nin
280 2489 512 2535 narrare
550 2478 805 2547 gestiens,
847 2491 964 2534 eam
998 2491 1109 2533 non
1135 2480 1298 2535 muris
1325 2481 1495 2549 magis
1524 2485 1581 2537 et
1606 2482 1785 2551 armis,
1844 2495 2001 2551 quam
2029 2481 2084 2536 B.
2112 2481 2346 2550 Virginis

115 2569 337 2624 camisia
380 2563 660 2622 defensam
700 2566 905 2636 scribit,
945 2580 979 2621 a
1021 2565 1214 2622 Garolo
1257 2565 1424 2623 Calvo
1466 2568 1593 2624 olim
1635 2559 2101 2640 Constantinopoli
2140 2572 2349 2638 αουῖῐεις

113 2667 266 2726 qnam
292 2670 421 2712 cum
444 2657 592 2712 cives
618 2656 687 2711 de
704 2655 910 2728 pertica
928 2656 1353 2727 suspendissent,
1380 2655 1677 2726 hostesque
1694 2656 1977 2713 irridentes
1994 2671 2114 2713 eam
2132 2658 2349 2726 sagittis

116 2743 493 2816 lacessissent,
512 2746 775 2801 caecitate
793 2748 1054 2816 percussi,
1079 2743 1293 2800 facilen
1312 2731 1713 2816 erumpentibus
1731 2747 2009 2801 victoriam
2020 2745 2351 2814 praebuere.¹

115 2831 476 2891 credibiliora
513 2831 606 2888 alii
647 2834 940 2903 scriptores
981 2832 1210 2904 tradunt,
1252 2832 1542 2888 chronicon
1585 2832 1751 2888 breve
1788 2834 1927 2904 apud
1955 2834 2345 2898 Quercetannm

114 2925 253 2981 tene
299 2922 401 2994 111,
438 2920 613 2978 Guido
656 2935 723 2977 ex
763 2922 920 2976 dictis
962 2919 1236 2976 Guilielmi
1270 2921 1411 2992 apud
1454 2919 1779 2991 Albericum,
1818 2922 2101 2979 Albericus
2129 2923 2249 2993 ipse
2276 2922 2349 2979 ad

114 3025 156 3066 a„
179 3013 248 3068 Ι).
282 3011 410 3081 906,
440 3010 690 3067 chronica
718 3010 1013 3081 Bezuense,
1042 3007 1428 3082 nalieacense,
1454 3009 1837 3078 Andegavense
1875 3009 2013 3081 apud
2041 2999 2347 3084 Lubbeum3

113 3100 402 3157 oufflone
422 3100 512 3155 din
529 3102 812 3171 protracta,
833 3113 952 3154 cum
969 3101 1023 3154 in
1045 3112 1113 3154 eo
1131 3097 1259 3154 urbs
1279 3103 1444 3171 esset,
1467 3103 1526 3154 ut
1545 3102 1838 3172 caperetur,
1859 3101 2069 3157 tandem·
2087 3099 2345 3156 Iin'selmo

114 3192 380 3259 episeopo
409 3193 665 3258 urgente,
709 3187 1027 3244 Richardum
1054 3187 1245 3243 ducem
1288 3186 1715 3258 Burgundionum
1753 3175 2346 3261 Robertumque‘Fran-

115 3291 298 3336 corum
327 3275 608 3351 suppetias
632 3275 851 3343 tulisse3
889 3275 1096 3347 praelio
1134 3277 1422 3332 commisso
1464 3276 1714 3346 fatigatos
1743 3278 1927 3335 hostes
1958 3281 2214 3350 cessisse,
2244 3293 2344 3336 sex

114 3373 284 3429 millia
321 3373 384 3426 et
425 3369 765 3436 octingentos
807 3380 1018 3436 caesos,
1058 3366 1298 3435 reliquos
1341 3365 1621 3422 obsidibus
1664 3367 1800 3422 datis
1852 3368 2121 3423 dimissos.
2212 3366 2345 3423 Dies

115 3461 327 3517 sabbati
357 3458 441 3513 13.
462 3456 577 3513 Kal.
596 3455 749 3527 Aug„
776 3455 831 3509 id
861 3458 945 3511 est
973 3454 1057 3509 20.
1085 3453 1227 3525 iulii,
1255 3458 1312 3510 in
1340 3454 1593 3510 chronico
1621 3455 1887 3511 Bezuensi
1913 3458 2154 3524 notatur;
2181 3454 2342 3509 chro-

114 3552 279 3605 ticon
317 3546 487 3602 breve
531 3544 614 3600 12.
657 3543 775 3600 Kal.
804 3544 939 3613 Aug.
966 3543 1146 3615 habet,
1189 3545 1285 3600 sed
1328 3533 1603 3615 mendose,
1632 3558 1701 3599 ex
1727 3539 1929 3598 Labhei
1958 3547 2221 3614 computo,
2249 3545 2339 3613 qui

113 3629 214 3694 hoc
243 3635 559 3692 charactere
586 3633 838 3689 chronice
874 3637 1217 3702 praesentem
1258 3647 1453 3688 anuum
1495 3630 1710 3698 definit3
1762 3646 1921 3701 quem
1948 3633 2109 3687 etiam
2138 3631 2341 3688 diserte

115 3725 388 3795 designari
427 3725 503 3780 ait
539 3725 595 3779 in
635 3720 815 3778 charta
854 3721 911 3776 B.
949 3719 1150 3776 Mariae
1185 3719 1522 3793 ParisiensiS,
1563 3721 1683 3776 data
1716 3721 1797 3776 15.
1825 3719 1939 3775 Kal.
1987 3719 2088 3775 Jul.
2117 3720 2223 3775 ind.
2256 3723 2338 3793 14,

114 3811 292 3871 Caroli
330 3812 482 3882 regis
525 3810 610 3882 19,
650 3811 1049 3880 redintegrante
1091 3811 1175 3880 14,
1204 3809 1555 3881 pluribusque
1580 3808 1717 3864 haec
1743 3822 1776 3863 a
1804 3821 1867 3864 se
1892 3809 1949 3865 in
1976 3801 2341 3865 miscellaneis

115 3903 491 3962 demonstrata.

249 3991 338 4046 12.
397 3989 550 4045 Hanc
575 3989 853 4044 victoriam
879 4002 986 4060 pax
1012 3991 1197 4044 secuta
1225 3988 1474 4060 creditur,
1503 3987 1607 4042 etsi
1627 3984 1861 4041 fortasse
1884 4000 1951 4040 ex
1972 3984 2150 4055 aliquo
2168 3988 2335 4043 inter-

115 4078 272 4135 nno.
347 4076 482 4133 Earn
508 4076 793 4134 Albericns
832 4079 888 4132 iu
929 4092 1123 4133 annum
1165 4080 1485 4147 sequentem
1527 4073 1716 4144 differt,
1753 4081 1971 4130 secutus
2000 4073 2339 4132 Guilielmum

115 4166 561 4224 Geneticensem.
611 4166 721 4222 Sed
748 4167 1043 4237 anticipare
1069 4169 1425 4221 narrationem
1455 4164 1525 4219 ob
1553 4177 1730 4219 rerum
1756 4177 1952 4219 nexum
1979 4164 2175 4235 placet.
2222 4162 2340 4218 Ad-

115 4257 297 4312 moniti
350 4257 504 4312 erant
549 4255 853 4327 Normanni,
901 4257 1047 4311 vires
1095 4257 1434 4323 animumque
1474 4251 1690 4308 Francis
1740 4266 2053 4324 superesse:
2100 4251 2339 4305 vicissim

115 4341 298 4401 Franci
333 4358 477 4400 nova
506 4358 538 4398 a
566 4346 934 4413 septentrione
959 4346 1255 4400 recentium
1282 4342 1512 4397 hostium
1544 4343 1787 4398 examina
1815 4341 2088 4397 timebant.
2159 4336 2340 4393 Litora

123 4436 256 4488 circa
282 4433 574 4504 Sequanae
601 4434 740 4487 ostia
768 4431 964 4488 dudum
990 4430 1304 4489 obtinebant
1330 4429 1557 4502 barbari,
1585 4434 1641 4487 et
1672 4430 2053 4498 Rhotomagum
2074 4429 2185 4496 jam
2215 4440 2260 4481 a.
2277 4425 2339 4483 D.
2366 4469 2379 4474 -

197 4550 462 4587 situatas
486 4548 869 4583 ιιιηιιιιτοι.
897 4537 959 4582 11.
1823 4536 1906 4602 ¹6
