2817 4959
496 316 630 384 2⁴4
1079 310 1613 380 ANNALES
1686 308 2142 377 IMPERII

261 497 328 570 Α,
343 490 473 565 911,
499 491 889 566 episcoporum,
929 486 1177 545 Battonis
1205 486 1497 558 Maguntini
1524 490 1582 544 et
1605 486 1841 556 Piligrini
1866 485 2224 544 Juraviensis.
2296 484 2431 542 Nam
2468 481 2751 542 Hamma-

495 580 775 650 hurgensis
795 579 962 648 magis
982 579 1197 634 nomine
1215 577 1495 648 hactenns,
1522 591 1679 646 quam
1698 577 1981 632 autoritate
1996 574 2337 632 noscebatur.
2413 574 2749 633 Salomonis
2816 615 2817 650 3

494 681 711 741 quoque
729 665 1157 723 Constantiensis
1179 681 1368 734 magua
1387 667 1584 737 opinio,
1606 680 1827 735 magnae
1847 665 2066 720 divitiae
2085 666 2251 736 erant,
2279 665 2455 719 intimi
2471 665 2743 721 Hattonis
2816 657 2817 734 ᾗ

492 759 669 827 amici,
711 757 855 826 quod
898 769 965 810 ex
994 753 1220 811 Casibus
1262 754 1316 809 S.
1347 752 1486 810 Galli
1521 754 1849 823 intelligitur.
1903 752 2175 809 Adelbero
2205 753 2559 822 Augustanus
2588 767 2740 809 anno
2816 749 2817 752 ’

493 848 773 917 superiore
814 843 1071 916 obierant,
1114 843 1427 914 Hepidanno
1469 847 1623 916 teste,
1664 858 1774 899 non
1813 844 1981 913 impar
2019 843 2321 910 autoritate,
2366 842 2741 913 admotusque
2816 863 2817 874 ¹

492 936 647 1004 regni
684 932 1086 1004 gubernaculis3
1131 933 1270 1002 quod
1313 931 1615 987 Ger-hardus
1657 930 1955 1002 presbyter,
1992 928 2227 986 Udalrici
2268 932 2622 986 successoris
2666 944 2739 985 ex

493 1022 782 1080 intervallo
823 1021 1099 1078 familiaris
1130 1027 1185 1076 et
1213 1034 1426 1093 praeco,
1469 1022 1758 1076 memoriae
1786 1020 2032 1092 prodidit.
2103 1019 2437 1075 ‘trevirensis
2470 1023 2529 1074 et
2559 1015 2739 1073 Colo-

492 1114 701 1169 niensis
742 1110 809 1167 ad
836 1109 1183 1165 Lothariense
1224 1123 1441 1178 regnum
1471 1109 1802 1179 spectabant,
1831 1107 2219 1178 quod-nutabat
2247 1107 2420 1165 adhuc
2447 1106 2737 1176 nonnihil3

495 1214 794 1272 quanquam
834 1198 1210 1254 Herimannum
1260 1200 1326 1254 ad
1369 1197 1661 1254 Germanos
1703 1198 2025 1268 respexisse,
2074 1195 2233 1253 facile
2283 1195 2633 1266 crediderim,
2680 1197 2739 1250 in

495 1288 688 1360 quibus
718 1286 1080 1356 suffraganeos
1109 1287 1398 1358 plerosque
1426 1287 1685 1352 habebat;
1716 1287 1782 1341 de
1808 1284 2049 1341 Ratbodo
2074 1288 2393 1341 contrarium
2421 1288 2737 1354 suspicere.

639 1377 721 1433 16.
793 1375 1077 1432 Procerum
1119 1378 1272 1447 primi
1315 1379 1466 1430 erant
1507 1377 1562 1429 in
1603 1375 1821 1429 Francia
1863 1373 2153 1445 conradus,
2202 1376 2290 1445 qui
2318 1388 2416 1446 per
2438 1377 2741 1442 utramque

495 1464 665 1522 Rheni
707 1467 876 1536 ripam
916 1464 1140 1534 validus,
1187 1466 1244 1519 et
1287 1461 1500 1518 sublato
1545 1476 1714 1532 nuper
1758 1463 1988 1534 aemulo,
2033 1464 2196 1518 etiam
2242 1462 2416 1517 Moeni
2460 1474 2737 1531 compos3

497 1558 741 1609 caeteros
773 1553 884 1609 fere
912 1567 1010 1623 per
1035 1552 1159 1608 illos
1191 1555 1386 1606 tractus
1415 1554 1469 1605 in
1497 1555 1768 1621 potestate
1796 1551 2043 1624 habebat,
2078 1551 2312 1606 flatione
2346 1551 2504 1605 etiam
2534 1548 2741 1604 archi-

496 1643 754 1712 episcopo
785 1640 1002 1695 factioni
1032 1644 1150 1709 ejus
1178 1641 1391 1695 innexo.
1464 1639 1583 1695 Dux
1610 1639 1877 1695 Saxonum
1905 1639 2389 1710 Thuringommque
2414 1638 2559 1706 Otto,
2606 1649 2739 1692 non

494 1726 697 1784 viribus
728 1731 946 1797 tantum,
1002 1728 1099 1783 sed
1129 1731 1186 1783 et
1221 1727 1488 1799 sapientia
1517 1732 1572 1782 et
1597 1731 1775 1783 aetate
1803 1728 2103 1795 eminebat3
2152 1726 2485 1797 addebatque
2508 1726 2742 1779 autori-

497 1821 662 1874 tatem
681 1815 821 1872 filius
842 1831 1063 1885 magnae
1081 1818 1202 1887 spei
1231 1817 1687 1887 HenricuS‚manu
1708 1819 2030 1887 ingenioque
2049 1822 2316 1887 promtus:
2341 1812 2738 1883 caeteri·longe

495 1904 782 1962 inferiores
822 1904 1168 1961 habebantur.
1244 1906 1306 1961 In
1344 1905 1515 1961 Frisia
1555 1904 1752 1961 Gerolfi
1774 1909 1849 1960 et
1887 1904 2227 1974 megingaudi
2267 1900 2504 1958 familiae
2533 1900 2737 1957 dudum

497 1994 639 2051 inter
666 2008 729 2049 se
757 1993 1047 2050 certabant.
1103 1994 1419 2063 Burcardus,
1460 1992 1829 2051 Allemanniae
1869 1992 1988 2065 dux,
2024 1993 2333 2065 nuperrime
2372 1993 2430 2047 in
2457 1993 2736 2046 conventu

500 2097 633 2140 suae
663 2085 836 2151 gentis
864 2097 962 2152 per
983 2082 1268 2136 tumultum
1299 2082 1579 2153 ceciderat,
1607 2082 2080 2139 teste-Hermanno
2110 2080 2415 2136 canisiano.
2472 2077 2734 2136 Amulius

499 2171 771 2229 marchiae
798 2171 1089 2226 Bavaricae
1111 2175 1315 2240 rector,
1343 2168 1563 2224 multum
1593 2175 1834 2241 poterat3
1863 2170 1960 2226 sed
1986 2169 2244 2225 hactenus
2264 2168 2333 2224 ob
2362 2169 2732 2241 praesentiam

498 2275 681 2329 regum
711 2259 938 2327 Bajoarii
968 2260 1155 2312 ducem
1185 2261 1275 2313 aut
1302 2261 1565 2313 rectorem
1596 2261 1770 2326 gentis
1798 2274 1903 2315 non
1930 2258 2216 2315 habebant.
2287 2257 2421 2327 Ejus
2460 2255 2733 2325 avunculi,

496 2351 782 2418 (quantum
824 2362 892 2403 ex
932 2345 1243 2416 Hepidanno
1285 2346 1629 2415 intelligitur)
1667 2347 2037 2420 ErchingeruS,
2066 2362 2225 2417 quem
2253 2344 2649 2401 Gnillimannus
2676 2345 2734 2400 in

495 2431 875 2502 Habsburgicis
905 2433 1160 2488 tumultus
1190 2436 1430 2489 autorem
1461 2433 1606 2507 facit,
1636 2439 1689 2491 et
1708 2435 2056 2492 Berchtoldns
2088 2434 2294 2506 fratres,
2321 2435 2377 2489 in
2396 2432 2734 2489 Allemaunia

489 2526 614 2592 jura
653 2524 795 2590 regis
839 2521 1276 2578 administrabant
1305 2525 1578 2579 missatica
1619 2528 1919 2596 autoritate,
1962 2538 2100 2595 quae
2140 2525 2195 2579 in
2237 2523 2483 2579 ducalem
2512 2519 2731 2578 abibat:

496 2609 640 2667 unde
676 2610 951 2665 historicis
991 2614 1164 2666 nuntii
1206 2624 1453 2667 camerae
1494 2615 1680 2682 regiae
1721 2612 2081 2684 appellantur3
2123 2611 2220 2668 sed
2265 2627 2385 2667 cum
2432 2610 2734 2667 Salomone

498 2701 755 2771 episcopo
791 2697 1099 2755 simultates
1129 2700 1469 2756 exercebant.
1532 2701 1920 2772 Erchingerum
1948 2705 2126 2758 tamen
2153 2704 2409 2772 majorem
2434 2701 2584 2772 natu,
2622 2712 2735 2770 po-

497 2789 760 2845 tissimum
788 2787 979 2844 ducem
1006 2790 1297 2860 scriptores
1327 2789 1616 2861 appellant.
1712 2856 1732 2870 ⁶

642 2878 726 2933 17.
794 2876 1004 2949 Nempe
1031 2878 1296 2935 Burcardo
1338 2893 1481 2935 nunc
1519 2879 1719 2949 occiso,
1748 2878 1803 2934 in
1830 2877 2262 2935 Allemannorum
2289 2877 2550 2947 regimine
2581 2873 2732 2932 filius

497 2963 793 3021 Burcardus
839 2980 946 3021 non
989 2969 1191 3039 statim,
1238 2967 1333 3023 sed
1382 2968 1618 3024 extincto
1665 2967 1874 3022 demum
1918 2966 2260 3038 Erchingero,
2307 2968 2595 3036 successit,
2637 2966 2734 3035 qui

499 3054 746 3109 ducatum
765 3055 1007 3122 arripuit.
1082 3055 1207 3123 ipse
1233 3054 1533 3111 Burcardus
1562 3057 1743 3111 senior
1762 3057 1864 3126 (de
1892 3070 1998 3125 quo
2020 3058 2133 3124 jam
2161 3055 2228 3110 ad
2257 3068 2304 3109 a.
2324 3054 2389 3111 D.
2415 3053 2553 3124 906)
2585 3051 2735 3109 filius

497 3139 777 3195 Adalberti
806 3142 1016 3194 comitis
1048 3139 1218 3196 fuisse
1242 3142 1468 3214 videtur,
1511 3146 1600 3214 qui
1630 3147 1772 3199 circa
1797 3143 1972 3199 lacum
1999 3142 2325 3200 Potamicum
2365 3145 2421 3199 et
2448 3144 2507 3197 in
2545 3142 2734 3196 vicina

499 3226 760 3296 Turgovia
803 3227 893 3280 diu
930 3225 1094 3282 re'bus
1134 3227 1380 3298 praefuit.
1455 3232 1587 3287 Nam
1630 3234 1687 3287 in
1716 3230 1954 3287 Goldasti
1982 3231 2336 3287 Alamannicis
2365 3233 2402 3286 t.
2427 3230 2496 3288 11.
2544 3229 2734 3286 charta

494 3317 766 3386 memorat,
808 3314 1063 3385 placitum
1093 3314 1287 3372 factum
1315 3320 1370 3373 in
1398 3333 1534 3388 pago
1563 3319 1707 3391 Para,
1749 3321 1804 3375 in
1831 3319 1958 3374 villa
1985 3319 2316 3391 Durroheim,
2345 3333 2526 3375 coram
2553 3319 2729 3387 Burg-

495 3402 660 3459 hardo
693 3404 902 3474 comite,
946 3402 1054 3458 lilio
1076 3403 1346 3458 adalberti
1372 3405 1613 3479 illustris,
1645 3408 1708 3463 de
1739 3406 1974 3463 ecclesia
2000 3408 2056 3464 in
2083 3407 2391 3476 Leffingew,
2419 3409 2511 3479 qui
2538 3410 2733 3463 essent

497 3507 528 3548 a
548 3491 978 3563 progenitoribus
1001 3494 1112 3549 suis
1145 3492 1377 3549 inrebus
1399 3495 1640 3563 ejusdem
1680 3495 1948 3553 ecclesiae
1966 3496 2310 3566 possidendis
2347 3499 2438 3552 aut
2466 3495 2731 3550 ordinan-

497 3582 580 3636 dis
615 3582 989 3651 potentissimi.
1064 3579 1269 3636 Extat*
1311 3584 1451 3654 apud
1467 3582 1791 3641 ‘Goldastum
1830 3585 2045 3642 traditio
2089 3584 2361 3653 cujusdam
2396 3582 2729 3654 Hugprectiti

494 3671 549 3726 in
587 3669 950 3742 zurichgowa,
997 3685 1101 3742 qua
1144 3671 1418 3742 praedium
1458 3674 1515 3729 in
1560 3672 1682 3729 loco
1711 3674 2065 3746 Eskingbova,
2121 3673 2189 3728 ad
2231 3674 2432 3728 curiam
2481 3672 2728 3727 Lintovra

496 3759 788 3832 pertinens,
833 3774 952 3814 cum
994 3758 1101 3814 alio
1137 3761 1194 3815 in
1221 3759 1488 3830 Durgowa
1524 3767 1864 3834 permutatur.
1937 3762 1995 3817 ld
2025 3761 2220 3817 factum
2251 3761 2444 3817 dicitur
2468 3763 2530 3816 in
2556 3759 2728 3829 Ceae,

495 3844 708 3924 scilicet
747 3850 1058 3905 monasterii
1098 3847 1486 3922 sangallensis,
1531 3849 1616 3904 Id.
1645 3850 1797 3906 Febr.
1838 3866 1986 3907 anno
2026 3854 2238 3921 imperii
2276 3850 2467 3905 Caroli
2489 3849 2732 3904 Secundi

495 3929 756 4002 (Crassus
784 3937 1127 4007 intelligitur]
1155 3940 1407 3994 secundo.
1462 3938 1756 3993 Adalberto
1785 3941 1975 3995 corruite
1994 3941 2057 3993 in
2082 3939 2369 4010 Duryowe.
2444 3935 2730 3994 Adalberti

495 4020 724 4091 comitis,
751 4025 807 4078 in
832 4024 942 4079 illis
973 4026 1279 4094 regionibus
1305 4041 1338 4082 a
1366 4029 1545 4082 multis
1573 4028 1727 4081 annis
1754 4029 2010 4099 potentiS,
2036 4028 2091 4083 in
2121 4027 2348 4082 Vadiani
2372 4023 2733 4098 Goldastique

493 4112 869 4181 monumentis,
914 4116 967 4166 et
1008 4112 1378 4169 Lindaviensis
1421 4115 1822 4170 controversiae
1861 4113 2240 4172 tractatoribus
2283 4114 2475 4170 crebra
2524 4116 2731 4171 mentio
2754 4101 2769 4110 “

495 4200 603 4264 est;
633 4196 701 4252 de
731 4198 899 4267 stirpe
928 4198 1157 4257 fortasse
1185 4202 1478 4274 Adalberti,
1509 4203 1598 4273 qui
1625 4216 1808 4259 comes
1837 4204 2024 4273 palatii
2052 4202 2150 4258 sub
2177 4201 2451 4258 Ludovico
2480 4207 2734 4275 augusto,

493 4291 552 4346 et
577 4299 702 4340 mox
729 4282 978 4341 Lothario
1009 4287 1213 4359 favens,
1243 4305 1360 4346 cum
1389 4290 1713 4347 Ludovicum
1743 4290 2110 4349 Germanicum
2143 4293 2364 4346 transitu
2394 4289 2571 4346 Rheni
2600 4307 2735 4366 pro·

493 4372 681 4429 hibere
701 4378 998 4445 conaretur,
1017 4376 1073 4431 in
1092 4376 1315 4434 Rhaetia
1334 4380 1529 4439 cecidit
1547 4394 1593 4436 a.
1614 4378 1677 4436 Ι).
1694 4380 1817 4452 841,
1845 4380 1912 4440 de
1943 4384 2095 4452 cujus
2123 4382 2283 4449 gente
2310 4377 2386 4434 ibi
2415 4380 2600 4436 actum
2629 4383 2730 4437 est

543 4475 593 4529 ν)
621 4479 730 4523 nem
756 4481 855 4524 aa.
885 4480 1071 4524 nmo-d.
