2817 4959
377 508 599 579 new.

625 335 712 403 20
1203 330 1740 401 ANNALES
1806 326 2265 397 IMPERII

935 509 1087 566 Haec
1119 509 1243 565 aliis
1278 508 1440 579 dives,
1474 505 1577 562 aibr·
1605 519 1814 579 parsper-
1840 543 2076 561 ......

939 598 1125 653 prena
1157 600 1542 652 monades-inm
1568 592 1811 665 [iudans
1843 593 2101 650 merui
2133 592 2292 664 mad,

937 685 1312 756 Exemploque
1344 698 1537 754 repens
1563 685 1803 756 propriis
1835 685 2177 737 monumenta
2211 679 2429 752 reliquit

942 774 1111 830 Clara
1145 774 1316 828 lucris
1339 786 1527 826 rerum
1551 812 1568 824 .
1598 812 1613 826 .
1643 811 1656 825 .
1687 811 1701 824 .
1729 774 1780 824 et
1815 771 2062 840 doqmote
2094 784 2322 825 nomm.

625 863 771 922 Obiit
796 863 846 919 3.
872 861 987 919 Kal.
1012 862 1266 918 Januarii.
1336 859 1654 917 Schatenius
1680 863 1886 929 patrem
1915 856 2212 929 Onnonem‚
2249 861 2472 914 matrem
2499 854 2785 913 Reinbardae

625 958 799 1025 vocat,
827 963 1029 1022 genere
1056 951 1250 1005 claros.

763 1042 850 1097 44.
919 1039 1215 1095 Johannem
1243 1036 1462 1092 Scotum
1488 1036 1659 1092 virum
1687 1035 1952 1091 eruditum
1986 1036 2041 1089 et
2079 1032 2276 1090 Carolo
2316 1036 2637 1105 imperatori
2665 1048 2784 1089 caru

623 1129 837 1200 qnidam
864 1132 1058 1197 postea
1083 1125 1149 1181 ab
1177 1123 1402 1181 Alfredo
1429 1124 1720 1193 Anglorum
1757 1135 1884 1192 rege
1915 1127 2195 1178 evocatum
2236 1122 2516 1189 dixerunt3
2561 1129 2622 1180 et
2649 1122 2785 1178 tande

620 1219 681 1274 in
712 1215 1176 1271 Halmesburiensi
1201 1215 1527 1269 monasterio
1556 1227 1588 1269 a
1613 1213 1814 1283 pueris,
1843 1225 1979 1282 quos
2008 1211 2252 1282 docebat,
2281 1212 2520 1282 graphiis
2552 1209 2785 1267 confossa

622 1310 1011 1375 martyremque
1029 1304 1396 1359 aestimatum:
1425 1303 1566 1358 unde
1585 1305 1641 1358 et
1667 1304 1725 1361 iu
1743 1299 2032 1372 epitaphio,
2060 1300 2202 1370 qnod
2223 1299 2617 1371 circumfertur,
2645 1301 2785 1354 sanctu

622 1392 867 1463 sophista
893 1391 1205 1464 appellatur.
1277 1390 1384 1446 Sed
1416 1403 1516 1459 ego
1542 1404 1749 1461 vereor,
1787 1403 1857 1445 ne
1885 1392 1942 1443 in
1970 1388 2144 1444 Gallia
2170 1388 2377 1459 obierit,
2407 1393 2463 1443 et
2490 1392 2650 1444 sicca
2671 1389 2785 1442 mort

621 1479 810 1537 Asseri
838 1484 1151 1550 coaetaneo,
1180 1482 1271 1550 qui
1295 1483 1441 1535 viros
1468 1481 1710 1549 insignes
1735 1476 1957 1534 Alfredo
1985 1476 2275 1533 familiares
2301 1479 2642 1550 memoravit,
2661 1474 2785 1533 silet*

622 1569 740 1627 Nec
766 1569 1035 1638 singulare
1067 1571 1251 1624 mortis
1278 1582 1449 1639 genus
1482 1567 1644 1624 facile
1676 1569 2112 1638 contemporanei
2142 1569 2553 1638 praeterissent.
2605 1565 2785 1622 Johann

622 1671 799 1730 papae
818 1663 1059 1730 tempora
1086 1659 1332 1725 attigisse
1359 1658 1595 1728 Scotum,
1624 1656 1890 1723 colligitur
1917 1669 1987 1713 ex
2011 1653 2257 1710 versibus
2285 1655 2473 1727 ipsius,
2506 1669 2649 1726 quos
2673 1656 2723 1708 in
2747 1665 2785 1706 r«

621 1749 768 1803 tusto
788 1748 1016 1818 quodam
1045 1746 1306 1816 glossario
1327 1745 1624 1816 Gangiacus
1640 1746 1842 1816 reperit
1859 1747 1914 1799 et
1930 1746 1987 1798 in
2003 1741 2337 1813 praelatione
2357 1744 2425 1798 ad
2447 1742 2636 1799 Caroli
2654 1738 2784 1798 Labh

623 1837 939 1907 glossarium
967 1834 1274 1908 publicavit.
1346 1834 1579 1892 Scholae
1606 1833 1875 1904 palatinae
1902 1830 2203 1903 praefuisse
2232 1831 2559 1888 crediderim
2586 1830 2717 1904 apud
2739 1827 2785 1882 Gi

621 1924 793 1982 relum
821 1923 1059 1996 Calvum,
1101 1927 1188 1980 cui
1227 1923 1415 1980 schola
1454 1924 1738 1994 palatium
1784 1922 1852 1977 ad
1881 1933 2039 1993 quem
2071 1933 2143 1977 ex
2167 1920 2422 1976 Hibernia
2448 1937 2587 1990 grex
2612 1918 2785 1991 philost

621 2013 862 2086 phorum,
890 2016 1158 2070 contemto
1188 2015 1349 2069 maris
1368 2011 1627 2082 periculo,
1654 2010 1924 2082 veniebat,
1943 2014 2001 2065 ut
2018 2010 2294 2081 praedicat
2310 2010 2570 2067 Herricus
2588 2007 2785 2065 Autissit

622 2102 899 2171 dorensis3
938 2104 1052 2157 erat
1093 2105 1268 2157 autem
1307 2100 1581 2156 lohannes
1623 2113 1692 2155 ex
1731 2097 1997 2155 Hibernis.
2071 2098 2208 2163 Quid
2247 2099 2524 2156 iohannes
2556 2100 2736 2155 Scotus
2769 2092 2785 2145 d

621 2189 945 2246 eucharistia
966 2194 1020 2244 et
1047 2187 1536 2259 praedestinatione
1565 2189 1799 2243 senserit
1824 2190 2226 2258 scripseritque,
2253 2190 2366 2244 suis
2395 2189 2537 2244 locis
2569 2187 2784 2255 attigimu

621 2277 767 2332 Libri
796 2277 899 2332 duo
920 2277 988 2333 de
1013 2276 1501 2346 praedestinatione
1521 2276 1715 2332 dudum
1733 2279 1930 2332 extant.
1980 2275 2335 2332 Eucharistici
2362 2278 2653 2346 perierunt
2700 2271 2785 2340 Opi

621 2364 693 2421 de
711 2365 977 2420 divisione
993 2369 1300 2420 naturarum
1314 2378 1486 2433 nuper
1508 2366 1565 2420 in
1582 2364 1773 2434 Anglia
1791 2365 2000 2434 prodiit.
2054 2363 2242 2434 ltaque
2262 2365 2534 2422 Honorius
2556 2364 2640 2421 111.
2659 2361 2785 2417 irustn

622 2452 843 2509 abolere
885 2456 1107 2508 conatus
1151 2455 1250 2508 est.
1323 2452 1457 2509 Nam
1500 2468 1548 2509 a.
1586 2451 1649 2508 D.
1681 2452 1833 2508 1225.
1880 2452 2185 2508 solicitante
2213 2452 2539 2510 Parisiorum
2581 2454 2784 2525 episcop*

622 2538 863 2598 comburi
883 2541 1063 2612 jussit,
1104 2543 1161 2596 in
1190 2540 1421 2596 concilio
1449 2540 1753 2597 Senonensi
1772 2543 1885 2610 jum
1913 2540 2282 2612 reprobatum:
2326 2546 2479 2611 cujus
2507 2541 2782 2612 praecepta

622 2628 841 2687 exhibet
856 2628 1158 2685 Albericus.
1210 2628 1426 2684 Librum
1446 2630 1515 2685 de
1531 2631 1743 2686 visione
1761 2628 1862 2685 Dei
1888 2632 1946 2686 iu
1973 2629 2160 2685 codice
2181 2628 2655 2688 claromariscensi
2679 2637 2783 2698 prot

619 2718 1071 2788 Audomaropolin
1095 2716 1314 2772 Mabilio
1341 2718 1491 2773 vidit.
1564 2718 1758 2773 Scotus
1800 2723 1914 2774 erat
1952 2718 2071 2774 sive
2098 2718 2401 2790 scotigena,
2440 2722 2499 2775 ut
2539 2720 2783 2774 Hincman

621 2806 874 2879 appellat,
896 2806 956 2861 id
975 2811 1061 2862 est
1078 2806 1361 2876 Hibernas,
1386 2819 1523 2874 quos
1544 2809 1758 2862 constat
1777 2805 1904 2861 olim
1923 2806 2200 2864 Scotorum
2220 2807 2487 2863 vocabulo
2507 2809 2781 2875 designatos

622 2901 679 2952 et
714 2897 866 2967 ipsos
907 2896 1156 2965 antiquae
1197 2897 1418 2964 originis
1445 2895 1641 2950 Scotos
1683 2908 1754 2950 ex
1780 2893 2037 2951 Hibernia
2075 2899 2131 2951 in
2158 2896 2480 2952 Britanniam
2519 2891 2781 2964 septentrio

618 2984 799 3041 nalem
838 2984 1074 3039 venisse.
1157 2982 1345 3054 Itaque
1388 2996 1532 3040 nuuc
1572 2997 1787 3053 quoque
1831 2983 2012 3053 lingua
2056 2986 2363 3040 interiorum
2405 2983 2684 3040 Hibernica
2721 2985 2781 3032 est

622 3073 901 3128 citeriores
929 3070 1403 3137 Anao-Saxonum
1445 3072 1660 3127 colonia
1699 3071 1884 3127 haberi
1913 3072 2127 3141 debent,
2169 3087 2389 3143 quorum
2431 3078 2486 3128 et
2526 3072 2695 3139 lingua
2730 3078 2779 3120 us

621 3157 894 3215 Iohannes
921 3159 1029 3213 iste
1058 3160 1216 3212 etiam
1240 3157 1474 3225 Erigena
1495 3159 1810 3229 appellatur,
1837 3159 1942 3215 hoc
1960 3164 2047 3217 est
2067 3161 2361 3218 Hibernas:
2390 3175 2510 3217 nam
2539 3156 2712 3231 „Eris“
2740 3167 2779 3204 v«

624 3247 868 3320 ¹‚lerno“‚
886 3244 1174 3319 „ir-land“‚
1190 3244 1240 3299 id
1258 3250 1343 3301 est
1357 3246 1707 3302 occidentalis
1721 3250 1888 3319 regio,
1905 3252 2155 3319 (notante
2166 3250 2460 3318 Bocharto)
2469 3244 2708 3303 Hibernia
2724 3251 2779 3294 0⁵

762 3336 850 3390 45.
920 3333 1214 3390 Iohannem
1254 3334 1473 3389 Scotum
1516 3349 1633 3392 cum
1667 3335 1910 3395 iohanne
1937 3350 2006 3393 ex
2031 3336 2263 3394 Saxonia
2291 3342 2487 3408 nostra,
2528 3336 2581 3390 id
2607 3335 2688 3388 est
2715 3329 2777 3382 cii

623 3425 842 3496 marina,
868 3423 1107 3492 oriundo,
1134 3421 1341 3480 Ali'redi
1366 3426 1511 3493 regis
1539 3425 1828 3493 Augiorum
1857 3426 2050 3482 eruditi
2074 3428 2243 3495 gratia
2272 3427 2510 3497 florente,
2551 3423 2777 3493 scriptor·

621 3512 782 3581 Angli
809 3511 969 3584 paulo
995 3514 1310 3568 remotiores
1352 3512 1663 3585 confudere,
1709 3514 2075 3584 Baroninsque
2099 3519 2160 3571 et
2199 3516 2294 3570 alii
2334 3529 2433 3571 eos
2476 3514 2658 3570 secuti.
2725 3505 2777 3560 St

621 3601 853 3658 Parisius
892 3615 962 3658 ex
1006 3603 1279 3657 canonicis
1321 3601 1669 3673 regularibus,
1713 3605 1795 3658 vir
1835 3603 2038 3674 doctus,
2080 3608 2139 3660 et
2175 3602 2396 3659 Habilio
2441 3593 2775 3671 distinguenti*

623 3688 883 3745 docuere:
919 3688 1008 3745 hic
1033 3693 1194 3746 etiam
1220 3688 1454 3759 elogium
1481 3690 1707 3747 Saxonis
1749 3694 2085 3748 concinnavit
2119 3695 2176 3748 in
2219 3697 2371 3763 parte
2408 3691 2640 3749 secunda
2666 3693 2775 3740 860³

618 3777 707 3835 lv.
735 3778 1084 3835 Benedictini.
1154 3778 1338 3834 Abbas
1362 3780 1503 3834 idem
1527 3783 1582 3836 et
1609 3780 1892 3852 presbyter
1915 3785 1974 3837 et
2000 3780 2290 3836 monachus
2321 3780 2432 3852 suit,
2463 3791 2679 3852 qnorum
2701 3768 2775 3826 nih

621 3867 691 3928 de
716 3867 880 3924 Scoto
902 3866 1127 3937 legitur:
1158 3870 1332 3923 serius
1362 3872 1538 3939 etiam,
1564 3882 1667 3925 nec
1694 3875 1819 3926 ante
1846 3884 1892 3925 a.
1913 3868 1974 3925 D.
2000 3868 2122 3925 882.
2151 3882 2221 3925 ex
2240 3868 2411 3925 Gallia
2438 3872 2493 3925 in
2523 3860 2775 3924 Britannia·

619 3959 847 4026 moen.
918 3956 1049 4013 Cum
1075 3955 1324 4012 Alt'redus
1353 3957 1823 4025 anglo-saxonum
1847 3973 1943 4014 rex
1969 3958 2235 4014 literarum
2277 3960 2453 4014 studia
2491 3969 2630 4029 pene
2665 3952 2773 4006 intel

620 4048 829 4101 mortua
868 4048 924 4100 in
961 4045 1057 4103 illa
1097 4047 1271 4102 insula
1309 4048 1671 4116 resuscitaret,
1716 4049 1860 4115 regis
1900 4047 2108 4116 adjutor
2147 4047 2262 4116 fuit,
2307 4052 2567 4118 gestaque
2607 4041 2773 4115 poste*

621 4134 1009 4191 commendavit
1025 4136 1194 4191 Asser
1211 4135 1498 4190 menachus
1528 4139 1583 4190 et
1601 4133 1767 4189 abbas
1786 4134 2185 4207 Brancorensis,
2209 4137 2530 4207 tandemque
2549 4125 2773 4205 episcop*

618 4220 1089 4289 Shireburnensis3
1132 4228 1512 4294 memoratque,
1553 4237 1622 4279 ex
1651 4221 1824 4280 Gallia
1849 4228 2146 4281 accersisse
2183 4238 2366 4295 regem
2391 4227 2538 4280 viros
2565 4221 2771 4279 doctos·

619 4312 759 4384 pios,
789 4316 846 4367 et
881 4314 939 4367 in
963 4310 1047 4366 his
1077 4311 1434 4367 Grimbaldum
1463 4317 1517 4368 et
1534 4311 1831 4368 «iohannem
1859 4314 2172 4369 sacerdotes
2201 4319 2259 4370 et
2284 4312 2588 4381 monachos,
2616 4311 2771 4378 quom

617 4400 893 4456 honorarit
933 4404 986 4455 et
1027 4399 1218 4455 ditarit.
1290 4399 1370 4456 De
1410 4400 1654 4456 Johanne
1691 4400 1998 4470 singulatim
2038 4405 2311 4473 memorat,
2352 4400 2594 4458 acerrimi
2633 4379 2771 4460 1¹²8nd

620 4487 811 4561 fuisse,
844 4490 900 4543 in
940 4486 1186 4546 omnibus
1226 4487 1524 4562 disciplinis
1563 4488 1836 4547 literarum
1861 4489 2309 4563 eruditissimum
2355 4492 2464 4548 imo
2491 4491 2628 4544 etin
2652 4471 2768 4537 must
