2817 4959
293 469 359 539 i.
377 465 521 533 88⁰.

542 289 625 355 52
1112 284 1641 354 ANNALES
1712 285 2166 352 IMPERII

689 467 774 523 15.
845 464 916 520 At
942 461 1241 519 Ludovicus
1269 477 1394 518 mox
1420 460 1766 518 Ratisbonam
1797 460 2040 532 veniens,
2082 459 2358 529 bajoarios
2387 461 2443 516 in
2472 474 2585 516 sna
2613 462 2802 524 verba

531 554 851 624 juramentis
895 552 1090 621 adegit.
1162 549 1385 606 Amulio
1434 551 1611 606 datum
1661 563 1695 604 a
1739 552 1893 620 patre
1940 547 2357 605 carentanorum
2401 551 2792 622 principatum

540 640 887 711 confirmavit,
916 643 1068 709 cnjus
1095 639 1259 696 sedes
1288 644 1415 695 tunc
1443 640 1638 695 eratin
1667 642 1847 693 castro
1875 636 2181 708 Mosburgo,
2220 638 2641 707 impenetrabili
2687 655 2792 710 pa-

536 730 665 788 lude
692 732 910 799 munito,
937 728 1029 783 ubi
1054 725 1308 785 Arnuli'us
1339 727 1534 783 deinde
1569 741 1666 782 rex
1705 723 1879 782 factus
1923 727 2077 780 matri
2122 728 2213 796 (ut
2249 727 2600 796 notavimus)
2651 744 2793 798 pro-

535 823 730 876 ventus
759 817 1065 885 assignavit.
1135 817 1207 872 At
1235 814 1553 886 Lndovicus‚
1580 815 1704 870 dum
1731 813 2057 870 Ratisbonae
2083 818 2332 885 moratur,
2357 813 2528 869 filium
2548 818 2789 871 unicum

534 921 606 963 ex
648 904 932 975 Luitgarde
978 905 1347 972 cognominem
1396 902 1691 959 miserabili
1743 916 1873 959 casu
1922 904 2118 959 amisit.
2204 902 2337 957 Nam
2393 916 2514 957 cuin
2561 902 2788 974 iuratae,

533 993 685 1052 nulio
730 993 1069 1058 observante,
1110 990 1383 1046 fenestrae
1411 992 1762 1064 adrepsisset,
1801 991 1929 1047 inde
1967 1003 2227 1063 praeceps
2270 990 2548 1062 delapsae,
2598 991 2790 1048 stacta

535 1084 767 1155 cervice,
804 1094 1016 1138 omnem
1044 1078 1352 1149 parentibus
1391 1079 1650 1148 regnandi
1695 1078 2031 1134 dulcedinem
2074 1081 2323 1148 corrupit.
2393 1077 2626 1135 Frustra
2670 1080 2788 1137 Lo-

533 1171 822 1227 tbariensis
850 1170 1015 1239 regni,
1046 1168 1241 1224 frustra
1262 1168 1494 1237 Bajoarii
1522 1171 1767 1224 accessio
1803 1166 2146 1225 ambitionem
2174 1165 2421 1239 satiabat,
2464 1182 2646 1238 quam
2676 1157 2802 1226 na-³

533 1261 650 1315 tura
674 1259 928 1327 opinione
956 1258 1133 1326 potior
1160 1256 1387 1313 orbitate
1414 1256 1685 1327 puniebat.

676 1344 762 1402 16.
835 1346 1047 1402 Interea
1072 1359 1232 1415 reges
1260 1345 1641 1402 adolescentes
1670 1344 1894 1402 Galliam
1931 1347 2071 1400 inter
2097 1357 2158 1401 se
2186 1345 2498 1416 partiuntur.
2575 1341 2802 1404 Ludo-³

532 1436 672 1504 vico,
700 1434 843 1505 quod
868 1434 1120 1489 Franciae
1149 1435 1419 1489 residuum
1447 1438 1560 1489 erat
1586 1447 1656 1489 ex
1677 1437 1903 1503 paterno
1932 1447 2112 1505 regno,
2142 1448 2261 1489 cum
2280 1432 2534 1490 Neustria
2565 1427 2802 1508 cessit;³

530 1526 608 1579 ita
651 1523 1006 1579 Bertinianus.
1087 1521 1478 1579 Carolomanno
1515 1521 1823 1591 »Burgundia
1863 1528 1921 1577 et
1960 1523 2246 1592 Aquitania
2291 1520 2583 1578 obvenere.
2673 1525 2802 1581 Hic

529 1611 786 1666 Francius
810 1609 1061 1666 Neustria
1089 1612 1393 1682 opponitur,
1432 1623 1572 1680 quae
1601 1609 1728 1665 olim
1756 1624 1881 1680 pars
1908 1610 2165 1666 Fruciae
2205 1608 2548 1682 censebatur,
2593 1619 2664 1668 et
2710 1603 2802 1670 ex*

530 1699 757 1755 adverso
785 1699 1097 1754 Austrasiae
1127 1697 1477 1755 statuebatur.
1551 1697 1725 1754 Credo
1752 1698 2035 1755 Neustrios
2070 1702 2181 1768 jam
2209 1697 2439 1769 babitus,
2475 1700 2572 1768 qui
2626 1701 2804 1760 intra*

528 1787 831 1857 Sequanam
875 1786 1215 1857 Ligerimque
1247 1787 1520 1858 jacebant,
1561 1790 1697 1843 oitna
1733 1787 2033 1858 Sequanam
2059 1786 2325 1856 Francos·;
2366 1787 2510 1842 unde
2549 1786 2802 1847 Louna-¹

527 1877 740 1932 rienses
779 1876 1021 1947 decerpti
1066 1878 1218 1932 erant
1259 1889 1403 1931 novo
1448 1878 1623 1946 pacto.
1694 1874 1774 1931 Ea
1814 1890 1873 1932 re
1921 1873 2136 1931 fratrum
2176 1887 2393 1942 regnum
2439 1890 2480 1930 a
2521 1881 2802 1946 paterno¹

527 1962 966 2035 distinguebatur.
1037 1963 1243 2020 Pascha
1281 1963 1479 2020 deinde
1517 1962 1730 2019 Domini
1776 1962 2089 2034 compendii
2127 1961 2402 2018 celebrant
2443 1960 2683 2038 wiron,
2730 1967 2804 2026 et*

526 2053 702 2109 medio
730 2052 887 2109 Junio
929 2066 1028 2125 per
1067 2051 1263 2108 Remos
1306 2051 1740 2122 Catalaunosque
1765 2051 1843 2107 ad
1885 2049 2252 2106 Gunduli'ense
2290 2049 2453 2123 placit
2527 2067 2544 2086 ἱ
2583 2059 2788 2125 profi.

526 2142 814 2196 ciscuntur.
884 2139 966 2194 Eo
992 2138 1308 2211 Ludovicus‚
1324 2143 1442 2209 -jam
1469 2151 1611 2212 pene
1637 2141 1802 2194 totius
1846 2154 1943 2196 rex
1988 2137 2320 2209 Germaniae,
2364 2154 2479 2195 cnm
2509 2141 2789 2204 Franco..

524 2228 654 2284 furti
680 2227 866 2283 morbo
893 2229 1230 2300 retineretur,
1259 2226 1469 2298 legatos
1496 2229 1670 2284 misit:
1713 2226 1870 2282 simul
1913 2230 1969 2284 in
1996 2226 2275 2297 Hugonem
2303 2226 2536 2284 Lotbarii
2567 2230 2802 2308 lilium,

524 2315 758 2372 ilenrico
804 2319 862 2372 et
901 2313 1193 2372 Adalberto
1232 2316 1480 2388 ducibus,
1527 2329 1658 2372 suos
1686 2318 1766 2371 ire
1799 2316 1982 2384 jussit.
2052 2315 2339 2374 ilem-ioum
2363 2316 2599 2374 arbitror
2637 2323 2802 2383 esse*

523 2403 797 2474 Popponis
833 2401 1212 2473 Thuringorum
1251 2406 1402 2460 ducis
1441 2405 1676 2460 tratrem.
2801 2397 2802 2418 ¹

670 2493 753 2548 17.
827 2490 1126 2548 Conventui
1153 2491 1507 2549 Gundulfensi
1536 2491 1759 2548 Carolus
1786 2507 1885 2550 rex
1911 2493 1977 2549 ab
2008 2492 2162 2550 Italia
2200 2506 2450 2551 reversus
2485 2496 2802 2560 intel-fuit.i

522 2582 801 2652 Nunquam
827 2579 1051 2636 meliora
1072 2579 1303 2636 consilia
1329 2595 1361 2636 a
1388 2580 1607 2636 Francis
1636 2586 1794 2653 capta
1820 2585 1957 2638 sunt.
2016 2581 2300 2639 Decretum
2318 2588 2403 2640 est
2421 2591 2528 2639 uno
2551 2590 2789 2664 animo,
2801 2587 2802 2614 ³

521 2670 789 2726 communi
828 2680 933 2741 ope
968 2680 1079 2723 rem
1120 2668 1387 2738 publicam
1423 2668 1737 2725 Francorum
1778 2671 2198 2727 sustentandam.
2269 2672 2522 2743 Apparet,
2563 2672 2802 2736 Caroli*

518 2759 857 2815 autoritatem
884 2771 1073 2814 omnes
1100 2762 1337 2813 secutos.
1408 2756 1543 2812 Nam
1589 2756 1889 2813 Ludovicns
1927 2757 2123 2814 absens
2167 2771 2234 2813 ex
2279 2759 2464 2815 morbo
2500 2762 2802 2841 jacebat,

518 2861 786 2918 regesque
832 2846 1210 2904 adolescentes
1256 2845 1355 2901 sab
1400 2845 1700 2903 rectoribus
1742 2844 1989 2917 agebant,
2043 2851 2101 2902 et
2152 2843 2375 2904 Carolus
2429 2847 2802 2914 educationi

517 2949 703 2993 eorum
729 2934 1205 3006 superintendebat
1245 2936 1457 3002 anim03
1497 2935 1638 3006 quod
1682 2948 1751 2992 ex
1794 2934 2064 2990 Hincmari
2103 2935 2334 3006 epistola
2373 2935 2786 3018 intelligimine,

511 3028 624 3094 jam
652 3024 960 3095 imperatori
989 3037 1111 3077 mox
1139 3023 1352 3093 scripta,
1395 3037 1500 3093 qua
1527 3026 1725 3094 galias
1755 3026 1873 3093 ejus
1914 3034 2073 3078 curae
2110 3026 2238 3095 agit,
2275 3024 2656 3100 hortaturque,
2699 3018 2786 3091 ‘ut

514 3109 864 3182 prudentibus
891 3110 1023 3165 viris
1050 3110 1118 3164 ad
1146 3109 1435 3176 regendam
1472 3125 1656 3166 eorum
1684 3111 2104 3167 adolescentiam
2131 3115 2322 3168 utatur.
2395 3114 2597 3171 Placuit
2662 3136 2782 3178 re-

513 3196 673 3268 gibus
716 3195 1066 3264 absentisque
1105 3195 1361 3251 Lndovici
1402 3196 1613 3268 legatis,
1651 3201 1711 3252 nt
1751 3197 1976 3254 Carolus
2006 3197 2212 3255 ltaliam
2250 3205 2499 3272 tueretur,
2531 3208 2587 3258 et
2623 3221 2783 3268 cum

512 3285 786 3342 Ludovico
829 3285 1028 3355 pariter
1075 3282 1516 3340 adolescentibus
1564 3289 1749 3341 contra
1792 3286 2059 3344 Bosonem
2104 3288 2304 3344 auxilio
2351 3294 2530 3359 esset;
2579 3290 2786 3366 ungo

517 3377 574 3431 et
598 3374 888 3432 Normanni
909 3372 1111 3441 junctis
1138 3368 1393 3426 Ludovici
1424 3376 1479 3428 et
1505 3372 1907 3431 adolescentum
1934 3378 2136 3433 viribus
2163 3377 2623 3448 propulsarentur.

655 3462 739 3519 18.
811 3460 980 3531 liugn,
1008 3459 1240 3516 Lotbarii
1268 3458 1413 3516 iilius
1449 3474 1517 3517 ex
1543 3460 1843 3534 waldrada,
1880 3478 2009 3521 sese
2045 3468 2212 3537 patris
2241 3479 2626 3524 successorem
2667 3472 2788 3531 so·-

508 3550 679 3621 rebat‚
706 3563 831 3604 mox
858 3553 1201 3617 cognatorum
1229 3550 1523 3621 principum
1551 3553 1826 3621 potentiae
1851 3555 2037 3624 impar.
2129 3553 2482 3610 comitatibus
2527 3556 2792 3630 aliquot

509 3640 768 3708 acceptis,
799 3638 1035 3707 quietem
1074 3636 1453 3710 spoponderat,
1489 3638 1588 3696 sed
1629 3653 1769 3710 quae
1795 3655 1903 3697 non
1932 3641 2021 3697 diu
2051 3640 2271 3698 durabat
2310 3646 2552 3718 memori,
2590 3654 2791 3713 undo

508 3726 821 3782 decidisset.
893 3725 1143 3781 Sororem
1172 3729 1291 3796 ejus
1317 3725 1529 3782 Bertam
1555 3728 1612 3782 in
1637 3731 1973 3784 matrimonio
2001 3727 2234 3786 babebat
2260 3729 2603 3790 Tbeobaldus
2655 3755 2792 3810 per

506 3812 860 3883 Burgundiam
889 3820 1098 3886 potens,
1126 3827 1286 3885 quem
1314 3813 1554 3883 lingonis
1581 3818 1724 3885 regis
1752 3816 1940 3873 italiae
1969 3825 2176 3889 patrem
2195 3833 2294 3875 suo
2317 3819 2440 3875 loco
2460 3831 2790 3888 monstra-

506 3900 696 3957 bimus.
768 3902 820 3957 Is
869 3905 994 3958 totis
1042 3901 1245 3959 viribus
1286 3900 1494 3976 liugoni
1537 3903 1735 3974 aderat,
1784 3908 2076 3978 copiasque
2104 3909 2222 3977 ejus
2253 3908 2498 3982 ducebat,
2527 3910 2786 3978 Bosoni

501 3990 643 4046 baud
670 3988 833 4045 dubie
864 3989 1192 4047 foederatus.
1266 3990 1400 4045 Dum
1430 4003 1558 4061 ergo
1588 3995 1863 4062 superiora
1891 3995 2044 4064 Hugo
2072 3999 2193 4067 ipse
2214 3995 2525 4069 infestabat,
2553 4000 2787 4063 Theo.-

501 4079 694 4136 baldus
720 4077 1044 4134 Attiniacum
1073 4091 1247 4148 usque
1273 4078 1568 4151 descendit,
1608 4081 1786 4151 credo,
1826 4089 1885 4139 nt
1926 4083 2243 4142 Normannis
2283 4089 2621 4160 jungeretur,
2687 4100 2787 4156 ad

496 4168 740 4224 Axonam
772 4168 1069 4235 agentibus.
1143 4167 1252 4223 Sed
1282 4167 1593 4223 coadunatis
1622 4171 1679 4225 in
1706 4182 1827 4225 eum
1856 4169 2112 4229 Ludovici
2154 4177 2211 4229 et
2249 4188 2434 4244 regum
2469 4180 2786 4246 juvenum

501 4258 687 4325 scaris,
730 4256 934 4325 praelio
964 4255 1267 4324 commisso,
1308 4251 1458 4310 tusus
1499 4254 1820 4325 fugatusque
1860 4263 1960 4331 est,
2007 4273 2233 4332 eamque
2260 4277 2370 4320 non
2396 4266 2786 4333 incruentam

466 4367 471 4371 -
497 4344 775 4400 victoriam
804 4343 944 4413 apud
970 4342 1295 4398 Attiniacum
1322 4342 1431 4398 dux
1458 4341 1719 4400 Hearicus
1750 4343 1997 4404 obtinuit.
2070 4347 2282 4407 Fratres
2323 4367 2481 4422 reges
2519 4359 2786 4423 praelio

497 4431 735 4505 affuisse,
763 4430 1103 4489 Bertinianus
1129 4431 1359 4502 scriptor
1387 4431 1574 4489 innuit.
1645 4431 1987 4494 'theobaldus
2029 4449 2157 4496 sese
2198 4440 2267 4497 ad
2310 4441 2595 4514 {ingonem
2641 4462 2787 4509 re-
