2817 4959
707 329 1238 397 ANNALES
1312 334 1761 404 IMPERII
2220 345 2349 410 419

104 514 146 557 ι
172 499 370 572 Pipino
395 503 456 559 et
477 499 672 573 Hagno
691 502 886 561 carolo
915 518 1176 576 oppressa
1204 512 1307 565 est.
1380 508 1607 566 Carolus
1635 469 1863 569 somnes
1889 528 1987 584 per
2003 515 2343 588 Aquitaniam
2370 515 2436 588 A.
2454 517 2592 587 932.

99 588 353 647 Francos
379 593 684 660 constitum
722 591 1125 665 canonemque
1165 609 1273 652 nou
1295 596 1529 655 Tolosae
1555 603 1758 656 tantum
1784 604 2033 660 comitem
2062 604 2208 678 fecit,
2248 606 2345 663 sed

101 683 170 735 ot
213 679 517 736 custodiam
549 680 634 737 illi
671 683 910 751 regionis
952 683 1189 741 credidit.
1273 685 1558 743 Successit
1597 689 1649 744 ei
1678 687 2011 763 Guilielmus,
2049 692 2149 749 ille
2183 697 2345 753 etiam

99 766 317 823 maiis
336 767 659 842 celebratus,
685 773 777 841 qui
795 773 935 829 iuter
954 778 1172 829 sanctos
1190 773 1433 846 habetur,
1463 779 1519 830 et
1545 787 1703 846 quem
1726 776 2019 849 legendarii
2038 781 2126 838 vel
2146 785 2341 853 poetae

101 869 236 911 cnm
278 851 474 912 Caroio
515 870 689 929 usqne
724 860 782 917 in
809 862 1071 917 orientem
1098 863 1326 918 mittunt.
1398 863 1534 919 Huic
1560 864 1912 936 Bereugarius
1939 870 2173 926 Hunroci
2202 870 2343 926 iilius

93 957 406 1002 successor
434 946 603 1019 datus,
631 949 786 1017 cujus
816 962 850 1006 e
877 948 1040 1006 fratre
1068 948 1376 1007 Eberhardo
1401 952 1753 1023 Berengarius
1780 951 1820 1011 1.
1850 971 1945 1012 rex
1972 956 2160 1015 ltaliae
2185 963 2343 1016 natus

88 1033 343 1089 videtur.
405 1033 512 1090 Sed
534 1035 860 1106 Berengario
878 1041 1084 1094 mature
1103 1038 1376 1113 defuncto,
1397 1040 1628 1110 dignitas
1647 1041 1714 1097 ad
1732 1042 2051 1101 Bernardum
2073 1041 2343 1104 Guilielmi

87 1120 260 1177 filins
296 1121 462 1179 filium
503 1124 676 1196 rediit,
714 1124 963 1182 Judithae
1004 1131 1263 1197 augustae
1298 1127 1488 1184 favore
1524 1133 1581 1186 et
1619 1136 1845 1204 utraque
1887 1131 2099 1191 fortuna
2138 1139 2340 1209 notum,

89 1212 203 1281 qni
246 1224 369 1266 cnm
410 1211 537 1267 dolo
584 1212 765 1269 Caroli
813 1212 967 1270 Calvi
1008 1216 1315 1288 cecidisset,
1357 1211 1674 1275 Guilielmus
1715 1222 1835 1291 ipso
1876 1226 2032 1278 natus
2071 1223 2341 1282 vindictae

89 1298 293 1355 studio
329 1299 628 1358 Saracenos
670 1304 884 1359 excivit.
953 1303 1191 1360 Ducatus
1220 1305 1443 1361 militiae
1470 1320 1569 1362 seu
1598 1307 1781 1364 limitis
1811 1310 2053 1367 custodia
2081 1325 2201 1368 cum
2228 1313 2340 1370 To-

85 1388 304 1443 losnno
344 1392 599 1445 comitatu
638 1389 979 1459 Rogemundo
1027 1394 1195 1450 cessit
1237 1393 1351 1449 filio
1395 1393 1671 1451 Fulcualdi
1717 1402 1771 1452 et
1815 1397 2152 1469 senegundis
2198 1402 2336 1472 apud

87 1476 394 1549 catellum,
437 1492 660 1549 quorum
703 1477 845 1534 filius
874 1480 1173 1537 Ber-nardus
1202 1482 1438 1538 marchio
1466 1483 1690 1540 Gothiae
1720 1485 1907 1541 crebro
1936 1493 2256 1544 memoratur
2282 1489 2339 1545 in

85 1564 264 1622 Calvi
303 1564 485 1622 rebus.
558 1566 628 1623 Et
661 1566 785 1623 hinc
811 1569 962 1638 origo
993 1573 1079 1624 est
1108 1569 1492 1627 'tolosanorum
1519 1575 1771 1629 comitum
1800 1574 2164 1645 septimaniae
2191 1590 2337 1632 mar-

83 1653 376 1726 chionum,
422 1668 645 1724 qnorum
692 1655 894 1712 familia
937 1659 992 1713 in
1038 1656 1200 1727 longa
1245 1662 1488 1730 tempora
1535 1664 1706 1718 tenuit
1749 1661 1947 1719 locum.
2035 1663 2169 1719 Nam
2213 1663 2340 1721 hinc

87 1743 344 1801 delatum
385 1746 471 1799 est
511 1749 700 1800 munus
736 1745 803 1799 ad
847 1743 1088 1802 Odonem
1132 1744 1346 1802 fratrem
1388 1748 1660 1821 Bernardi,
1703 1753 1759 1806 et
1792 1750 1960 1807 lilium
1997 1753 2117 1821 ejus
2158 1751 2337 1822 Rege-

86 1831 375 1891 nnndum.
447 1830 623 1902 Atque
646 1834 696 1887 is
716 1845 842 1888 esse
862 1832 1073 1889 catello
1099 1833 1328 1906 videtur,
1358 1837 1510 1905 cujus
1536 1823 1680 1893 nunc
1708 1841 2032 1896 mentionem
2058 1839 2333 1912 habemus,

89 1934 303 1980 vereor
329 1924 526 1992 umen,
552 1934 623 1977 ne
650 1923 715 1991 is,
746 1924 838 1993 qui
865 1923 1123 1993 sequitur,
1150 1924 1358 1991 regioni
1379 1926 1490 1992 Jam
1516 1924 1827 1998 praefuerit.

244 2009 335 2065 24.
409 2007 736 2077 Regemundi
763 2009 904 2066 filius
933 2009 1324 2083 Ragemuudue,
1353 2014 1446 2082 qui
1469 2017 1527 2069 et
1550 2012 1789 2087 Pontius,
1822 2017 1936 2084 jam
1963 2016 2174 2071 virtutis
2201 2028 2336 2075 snae

87 2099 426 2156 documenta
445 2097 680 2168 dederat,
711 2112 831 2153 cum
850 2100 1082 2169 Hungari
1099 2114 1169 2155 ex
1188 2098 1342 2156 ltalia
1368 2102 1425 2157 in
1442 2099 1775 2158 Provinciam
1803 2109 1859 2160 et
1880 2104 1936 2160 in
1952 2103 2335 2175 Septimaniam

87 2188 425 2259 irrupissent
464 2201 513 2243 a.
543 2186 607 2242 D.
638 2186 759 2243 924.
830 2187 963 2244 Nam
992 2189 1291 2245 Ai-ericus
1319 2189 1689 2246 Narbonensis
1735 2189 2172 2263 archiepiscopus
2215 2206 2335 2249 cum

87 2276 309 2347 aliquot
353 2274 703 2344 suffraganeis
749 2289 820 2332 ex
864 2276 1071 2348 syuodo
1117 2279 1429 2348 provinciae
1473 2278 1540 2333 ad
1578 2278 1873 2336 lobannem
1918 2280 1982 2336 X.
2026 2279 2334 2351 pontificem

85 2366 395 2423 Romanum
436 2361 668 2437 scripsit,
711 2378 991 2438 excusans,
1032 2365 1175 2437 quod
1216 2365 1434 2423 Romam
1471 2380 1576 2423 nec
1609 2369 1835 2441 veniret,
1873 2381 1977 2425 nec
2005 2370 2239 2427 mitteret
2264 2368 2333 2425 de

86 2467 268 2524 more,
310 2452 596 2509 Saracenis
625 2452 840 2524 Alpium
881 2456 998 2510 vias
1040 2453 1418 2527 insidentibus,
1456 2458 1658 2528 etipsa
1678 2458 1902 2527 regione
1929 2471 2026 2526 per
2052 2458 2331 2527 nungaros

85 2540 483 2616 propemodum
524 2541 788 2613 desolata,
826 2557 1127 2614 quanquam
1170 2533 1384 2600 tandem
1425 2558 1458 2599 a
1491 2546 1697 2612 juvene
1736 2546 1981 2616 principe
2023 2544 2331 2603 marchione

83 2631 289 2687 Pontio
329 2629 474 2702 pulsi
514 2628 761 2704 fuissent,
797 2644 954 2703 qnae,
980 2632 1037 2686 ni
1064 2629 1238 2702 fallor,
1263 2635 1371 2701 jam
1398 2634 1537 2702 patri
1565 2634 1905 2690 successisse
1938 2634 2194 2690 indicant.
2266 2634 2327 2691 A.

84 2720 150 2777 D.
171 2720 304 2777 936.
332 2731 621 2776 successor
637 2722 805 2791 patris
833 2733 866 2774 a
892 2733 955 2777 se
983 2719 1104 2789 ipso
1131 2719 1302 2788 gratia
1329 2719 1431 2776 Dei
1461 2733 1643 2775 comes
1672 2719 1984 2793 TolosauuS,
2012 2720 2328 2791 primarchio

87 2815 144 2866 et
177 2808 292 2863 dux
317 2807 701 2878 Aquitauorum
743 2808 992 2865 scribitur
1030 2808 1085 2862 in
1122 2805 1340 2877 tabulis,
1382 2807 1578 2879 quibus
1620 2807 1838 2865 celebre
1865 2811 2247 2865 monasterium
2273 2810 2327 2865 iu

84 2911 239 2971 pago
277 2897 620 2954 Narbonensi
663 2900 720 2954 in
761 2897 1016 2954 honorem
1058 2895 1111 2952 S.
1139 2894 1316 2951 Pontii
1351 2897 1596 2966 martyris
1634 2894 1834 2967 fundat,
1877 2896 1971 2952 ubi
2011 2901 2068 2953 et
2105 2910 2325 2954 uxorem

89 2985 417 3044 Garsindem
461 2987 728 3043 nominat:
773 2985 1055 3055 subiicitur
1098 2987 1310 3055 mmm
1350 2983 1644 3039 noenum
1679 2984 2116 3040 excellentissimi
2153 2986 2323 3042 ducis.

87 3073 320 3148 siquam
349 3073 637 3132 Garrindis
661 3076 905 3146 conjuyis
930 3074 1063 3140 ejus.
1137 3071 1441 3130 subscribit
1464 3071 1766 3128 Aimericus
1800 3071 2166 3143 archipraesul
2203 3087 2321 3131 cum

87 3163 218 3219 aliis
247 3165 542 3235 episcopis.
613 3162 695 3220 Ex
722 3178 828 3234 quo
857 3162 1189 3235 intelligitur,
1218 3162 1449 3218 eundem
1476 3175 1604 3218 esse
1621 3159 1864 3218 Pontium
1884 3166 1939 3218 et
1956 3161 2324 3221 Raimnndnrn.

89 3250 388 3310 Confirmat
442 3251 747 3308 Lndovicus
797 3251 1197 3308 Trans-atinus
1260 3264 1376 3308 rex.
1476 3249 1850 3306 Gimiabertu
1889 3266 2068 3308 comes
2110 3251 2324 3322 (malim

87 3339 488 3409 cancellarius)
526 3344 851 3413 recomvit.
933 3341 1154 3412 Siquam
1178 3340 1444 3395 Ludovioi
1463 3327 1840 3411 florium-rimi
1863 3343 2022 3413 κρυ,
2048 3341 2323 3398 Bonnam

85 3433 387 3502 episeopus,
427 3430 656 3485 Ruanus
680 3431 943 3486 notarim.
1017 3428 1140 3485 Dat.
1177 3427 1366 3485 Nonas
1390 3427 1631 3500 Auqroeti,
1659 3441 1806 3485 anno
1833 3432 2033 3501 quarto
2060 3432 2324 3499 regnante

84 3518 370 3575 Ludovico
406 3519 745 3574 seretti-ssime
785 3532 928 3589 reqe.
998 3517 1190 3573 Actum
1230 3517 1379 3587 apud
1402 3516 1738 3588 Luydunum.
1811 3516 1960 3581 Quae
1998 3516 2177 3571 omnia
2212 3513 2323 3572 Ca-

84 3607 255 3664 tellus
305 3608 461 3662 eruit.
549 3606 729 3677 Atque
772 3607 822 3662 is
871 3610 957 3663 est
998 3605 1372 3677 Regemuudus
1419 3603 1704 3661 Gothorum
1745 3606 2013 3676 princeps,
2060 3604 2152 3674 qui
2197 3618 2320 3660 curn

83 3697 326 3753 caeteris
347 3695 728 3766 Aquitanorum
756 3693 1071 3766 proceribus
1096 3694 1370 3750 Ludovico
1396 3696 1512 3764 regi
1533 3694 1870 3766 Aquitaniam
1897 3693 2144 3761 ingresso
2173 3689 2329 3749 alluit

84 3797 130 3840 a.
149 3785 219 3841 D.
242 3784 370 3840 944.
399 3783 541 3855 apud
566 3784 941 3841 frodoardum.
1013 3782 1096 3840 De
1124 3786 1443 3855 posteritate
1469 3785 1586 3853 ejus
1613 3784 1717 3840 erit
1741 3781 1878 3838 alias
1907 3779 2119 3838 dicendi
2147 3778 2318 3837 locus.

83 3871 254 3930 Soror
283 3876 404 3942 ejus
419 3872 585 3929 willa
601 3873 923 3943 Berengario
951 3872 1201 3931 Secundo
1226 3874 1428 3944 nupsit,
1455 3875 1575 3943 ipse
1592 3871 1819 3941 Roriam,
1847 3868 2065 3926 Bosone
2078 3869 2319 3940 lingonis

83 3963 230 4034 regis
260 3961 430 4019 fratre
456 3964 708 4035 genitam,
735 3962 945 4019 viduam
974 3961 1201 4018 Bosonis
1232 3963 1445 4018 comitis
1472 3959 1823 4029 Arelatensis,
1852 3956 2015 4015 duxit.

228 4050 318 4106 25.
393 4049 670 4108 Vascones
710 4052 855 4106 circa
894 4062 945 4106 a.
972 4049 1034 4106 D.
1064 4050 1183 4107 586.
1226 4064 1297 4107 ex
1333 4049 1606 4106 Pirenaeis
1635 4046 2045 4118 descendentes,
2089 4046 2313 4103 turbatis

86 4138 233 4195 domi
260 4137 583 4196 Francorum
625 4139 803 4214 rebus,
830 4139 1060 4208 linguam
1100 4143 1154 4196 et
1186 4152 1381 4195 nomen
1407 4138 1600 4193 vicinis
1627 4135 2159 4207 Novempopulaniae
2192 4135 2314 4192 val-

84 4224 230 4283 libus
273 4226 548 4300 dederant,
586 4228 678 4284 nbi
704 4242 847 4285 nunc
872 4227 1095 4285 inferior
1118 4227 1353 4284 Navarra
1391 4233 1447 4282 et
1472 4225 1883 4282 Benearnenses
1916 4224 2193 4283 habentur.
2268 4224 2314 4279 A

85 4312 398 4387 Dngoberto
433 4316 753 4374 lli-ancorum
796 4319 1026 4388 sceptris
1065 4317 1295 4386 subjecti
1338 4319 1464 4372 sunt
1502 4315 1647 4370 circa
1682 4327 1729 4370 a.
1759 4313 1822 4370 D.
1850 4311 1972 4373 63⁵.
2061 4312 2169 4369 Sed
2211 4311 2310 4367 sub

87 4400 426 4462 Theoderico
440 4420 588 4477 rege,
614 4405 728 4462 filio
743 4404 1004 4463 clodovei
1019 4404 1271 4477 Secundi,
1298 4403 1487 4462 Franci
1504 4404 1732 4475 quidam,
1761 4405 1854 4474 qui
1872 4401 2106 4460 Ebroino
2125 4401 2313 4469 majori

91 4489 280 4550 domus
304 4507 495 4565 parere
521 4493 794 4564 nolebant,
822 4493 890 4550 ad
916 4494 1194 4552 Vascones
1223 4493 1364 4552 male
1393 4493 1623 4552 domitos
1652 4492 1959 4561 confugere,
1988 4489 2179 4561 quibus
2201 4490 2311 4557 jam

1748 4602 1887 4668 27*
