2817 4959
713 268 1248 340 ANNALES
1309 270 1783 344 IMPERII
2236 275 2368 345 is?

81 450 142 503 5.
193 444 262 502 in
304 445 367 503 6.
407 446 618 501 mutare
656 444 856 502 mallet.
926 447 1038 503 Sed
1065 446 1299 518 diploma
1327 450 1471 505 circa
1496 453 1706 519 tempus
1732 451 1789 506 in
1815 446 2009 507 mend'o
2034 461 2147 507 non
2170 449 2348 508 cubat.
2370 450 2591 522 mm.

81 534 358 591 Indictlo
403 537 489 591 11.
533 534 826 590 Novembri
870 550 1058 593 mense
1099 538 1210 604 jam
1257 536 1452 593 dadum
1491 542 1686 608 coepta
1729 542 1870 605 erat;
1918 541 1976 594 et
2009 541 2264 597 transitus
2301 541 2359 599 S.

81 623 352 694 Har-tini,
389 625 531 679 circa
559 636 719 692 quem
747 623 950 679 Amulii
979 638 1199 693 regnam
1228 629 1424 696 coepit,
1465 627 1653 683 incidit
1689 629 1743 682 in
1784 629 1866 682 11.
1895 626 2154 684 Novemb.
2195 632 2359 697 atque

86 712 248 768 adeo
299 713 356 767 3.
395 710 582 767 Nonas
622 711 857 768 nondum
897 716 1263 782 praeterierat.
1338 715 1449 770 Sed
1482 715 1626 785 quod
1659 720 1871 786 mam
1896 715 2178 773 undecim·
2212 720 2358 788 νομὴ

89 801 346 870 additur,
383 814 416 855 a
458 799 598 854 mala
638 814 799 856 mana
838 805 940 856 est.
1012 800 1145 856 Nam
1183 802 1326 858 hunc
1365 803 1530 859 tilium
1571 803 1796 860 Arnuli'o
1839 810 2103 874 sequente
2144 805 2358 862 demam

89 903 250 947 ano
287 892 498 958 natam,
539 891 769 944 constat.
839 887 1147 945 wicbertus
1187 893 1244 945 et
1279 891 1405 946 Biso
1436 894 1680 963 episcopi
1711 898 1849 963 sant,
1890 894 2038 962 prior
2065 893 2359 950 verdensis

94 981 207 1048 (an
247 976 743 1045 Hildesemensis),
787 980 1057 1047 posterior
1089 978 1534 1037 Padobornensis.
1604 980 1938 1038 verdensem
1985 980 2241 1038 cranzius
2285 982 2357 1039 ad

97 1066 395 1125 witikindi
423 1065 605 1134 magni
633 1080 803 1135 genus
831 1066 1012 1139 refert,
1043 1071 1262 1124 nomine
1289 1067 1522 1127 favente.

251 1157 345 1212 13.
421 1156 488 1211 ln
527 1155 640 1210 boc
673 1156 815 1226 apud
851 1154 1254 1213 Francosartnm
1291 1165 1558 1214 conventu
1600 1162 1893 1229 contigisse
1928 1161 2171 1231 apparet,
2211 1157 2358 1229 quod

104 1242 465 1314 augutinus
494 1242 934 1315 achiepiscopus
959 1244 1171 1316 (ilatio,
1198 1249 1257 1301 ut
1283 1246 1542 1316 arbitror)
1570 1249 1637 1304 ad
1662 1249 1970 1305 Formosum
1996 1249 2194 1319 retulit,
2236 1246 2357 1303 dis-

109 1347 269 1389 cussa
318 1333 608 1389 Bremensi
662 1347 841 1404 caasa,
896 1332 1252 1391 dioecesanos
1299 1332 1640 1393 Coloniensis
1687 1339 2000 1408 provinciae
2043 1339 2354 1410 episcopos,

107 1422 453 1479 haconem
496 1421 875 1491 Tangrensem,
929 1420 1300 1479 Vodebaidam
1345 1424 1764 1496 nemetensem,
1812 1426 2143 1482 woselmam
2195 1427 2359 1496 (lege

119 1511 494 1582 Uelleianum)
549 1510 1031 1583 mimigardensem,
1070 1511 1373 1582 Dragonem
1410 1514 1763 1585 mindensem,
1804 1513 2142 1583 Egelinarani
2170 1512 2354 1570 Osna-
2458 1542 2461 1545 >

108 1600 444 1669 brugensem
497 1603 745 1670 testatos,
797 1598 1057 1656 hactenus
1109 1601 1312 1657 nullum
1364 1602 1672 1658 Bremensis
1718 1602 1990 1658 ecclesiae
2028 1602 2354 1672 ‘praesulem

114 1687 440 1745 Coloniensi
469 1687 787 1759 obsequium
813 1702 1065 1758 negasse.
1135 1689 1218 1743 Ex
1244 1705 1352 1761 quo
1380 1690 1505 1746 loco
1533 1692 1716 1761 colligi
1742 1695 1937 1763 potest,
1971 1689 2223 1747 Falconis
2252 1690 2354 1746 bac

113 1780 176 1834 in
209 1791 274 1833 re
311 1782 498 1849 partes
541 1777 719 1832 nullas
753 1775 922 1833 fuisso
967 1780 1130 1847 (satis
1172 1776 1301 1833 alibi
1336 1779 1627 1849 impediti),
1668 1786 1725 1835 et
1759 1779 2059 1835 mandantis
2093 1778 2356 1849 Stephani

121 1870 296 1921 morte
319 1865 716 1935 delegationem
745 1868 1054 1936 exspirasse
1081 1868 1267 1921 visam.
1331 1865 1459 1935 lpse
1480 1866 1767 1922 Formosas
1789 1882 1821 1923 a
1841 1866 2151 1935 bioguntino
2181 1868 2355 1936 sigui-

116 1954 276 2011 ficata
314 1956 385 2011 ad
427 1955 771 2024 Adalgariam
813 1954 1124 2024 perscribit3
1178 1953 1641 2024 archiepiscopum
1680 1954 2133 2024 {lamburgensem
2178 1959 2356 2026 vocat,

111 2045 373 2114 increpat,
406 2044 552 2114 qnod
572 2046 838 2099 nominem
858 2045 1064 2098 miserit
1083 2042 1150 2097 ad
1171 2056 1385 2099 canum
1406 2056 1557 2099 suam
1577 2048 1761 2098 contra
1778 2041 1989 2112 legatos
2014 2038 2356 2098 coloniensis

111 2133 401 2199 tuenda-13
452 2144 624 2203 seque
662 2130 976 2203 perplexum
1019 2133 1270 2201 ostendit,
1311 2145 1418 2188 nec
1452 2136 1717 2188 tantorum
1756 2134 1991 2187 virorum
2033 2131 2356 2187 testimoniis

15 2270 16 2273 ,
109 2221 349 2278 lfltenter
391 2221 785 2292 derogaturum,
835 2225 889 2276 et
917 2223 1096 2275 tamen
1124 2233 1342 2291 operam
1384 2220 1642 2291 daturam,
1682 2234 1753 2277 ne
1781 2222 1906 2291 qaid
1936 2218 2357 2288 {lemburgensis

111 2311 366 2368 ecelesia-
414 2311 721 2366 denimenti
774 2309 1020 2381 patiatur,
1073 2309 1451 2380 propagandae
1497 2310 1553 2365 in
1596 2315 1785 2378 gentes
1834 2311 2051 2367 veritati
2093 2309 2355 2364 instituta.
2454 2383 2467 2388 Φ

15 2386 18 2451 ἰ
110 2399 303 2470 Itaque
349 2412 417 2456 se
445 2399 659 2454 tandem
701 2398 1106 2468 dispensatione
1147 2398 1374 2469 mdam
1415 2410 1644 2468 aequum
1687 2401 1969 2455 censuisse
2001 2399 2090 2469 ait,
2136 2399 2195 2454 ut
2221 2396 2361 2452 Bre-

112 2490 321 2544 nensis
361 2487 608 2543 eeclesia
633 2487 1025 2557 limburgensi
1066 2485 1388 2543 subsidiaria
1417 2487 1732 2557 adhaereat3
1779 2492 1835 2543 et
1863 2493 2042 2543 tamen
2067 2487 2124 2542 in
2152 2487 2360 2555 magnis

113 2584 168 2634 et
191 2578 630 2649 pernecessariis
656 2577 892 2646 negotiis
911 2574 1328 2644 numburgensis
1350 2577 1656 2647 episcopas,
1685 2577 2032 2647 episcopatus
2051 2575 2361 2631 Bremensis

116 2670 304 2738 gratia,
353 2680 460 2738 per
503 2678 567 2721 se
614 2670 705 2720 ant
747 2668 899 2720 vices
937 2668 1229 2736 gerentem,
1246 2678 1379 2719 -aon
1421 2664 1777 2733 subjectionis
1814 2667 1954 2735 jure,
1995 2662 2092 2719 sed
2122 2664 2361 2717 caritatis

120 2755 330 2827 aflectu,
361 2755 434 2810 nd
462 2753 804 2809 Coloniensis
834 2754 1143 2823 provinciae
1172 2754 1407 2822 synodos
1436 2754 1692 2809 invitatas
1722 2751 1960 2807 accedat.
2022 2750 2200 2820 Atque
2225 2749 2369 2806 baec

116 2844 299 2901 valere
328 2843 465 2914 vult,
496 2843 667 2899 donec
695 2841 1111 2912 Hambnrgensis
1142 2840 1472 2910 metropolis,
1502 2839 1739 2895 fundatis
1761 2839 1919 2894 novis
1940 2836 2360 2909 episcopatibus,

119 2934 352 3005 propriis
395 2930 600 2987 viribus
639 2934 936 2987 consistere
974 2932 1166 3001 possit.
1239 2927 1322 2983 Ex
1359 2940 1427 2998 eo
1469 2926 1712 2982 Bremam
1757 2927 1823 2982 ad
1869 2938 2025 2981 nsum
2067 2924 2361 2996 peculiaris

123 3022 369 3092 episcopi
420 3024 478 3076 et
521 3019 861 3076 Coloniensis
905 3019 1218 3090 provinciae
1258 3014 1474 3072 vincula
1532 3014 1840 3072 redituram.
1922 3014 2074 3069 Hanc
2115 3014 2361 3071 Formosi

124 3110 414 3182 quistolam
456 3107 713 3164 cranzius
754 3111 811 3166 iu
839 3106 1165 3178 metropolin
1203 3103 1398 3176 retulit,
1444 3118 1555 3161 non
1584 3108 1785 3160 tantum
1813 3095 2108 3173 ignoratam
2135 3103 2359 3177 Adime,

125 3198 218 3254 sed
258 3201 428 3253 etiam
473 3199 815 3252 contrariam:
857 3198 950 3267 qai
984 3200 1041 3253 in
1077 3194 1407 3250 'triburiensi
1445 3208 1570 3249 mox
1598 3193 1803 3263 synodo
1834 3192 2190 3265 malgerium,
2226 3204 2361 3263 pro-

126 3284 378 3345 bantibus
405 3285 634 3341 Arnuii'o
663 3290 718 3341 et
744 3284 1019 3356 Formosa,
1049 3284 1368 3356 simpliciter
1393 3285 1593 3338 victum
1620 3283 1853 3352 scripsit.
2366 3320 2373 3329 .

260 3376 348 3430 14.
394 3374 665 3431 Haerente
684 3377 740 3431 in
758 3376 1045 3445 Aquitania
1063 3374 1267 3445 odone,
1295 3374 1459 3429 resin
1477 3370 1702 3428 Francia
1725 3368 2047 3425 occidentali
2066 3370 2359 3439 improviso

127 3466 264 3518 notu
289 3467 591 3534 vertantur,
620 3462 823 3518 artibus
851 3461 1102 3517 Falconis
1129 3462 1429 3518 Remensis.
1483 3460 1584 3516 Hic
1601 3460 1842 3516 odonem
1862 3472 2044 3528 regem
2064 3460 2361 3526 aegerrime

127 3551 334 3608 tulerat.
410 3551 602 3621 Itaque
638 3564 784 3607 nunc
825 3551 1053 3620 tandem,
1094 3565 1224 3606 usus
1266 3550 1512 3605 absentia
1554 3552 1673 3617 ejas
1716 3551 1770 3602 et
1810 3548 2133 3617 Aquitaniae
2172 3544 2361 3616 tarbis,

128 3638 379 3696 Caroluni
419 3654 663 3711 pueram,
711 3638 966 3695 Lndovici
1002 3638 1156 3694 Balbi
1194 3652 1262 3694 ex
1295 3637 1559 3694 Adoiaido
1595 3634 1760 3691 tiliam
1791 3640 1901 3705 jam
1939 3634 2362 3706 duodecennem,

127 3730 190 3785 ad
214 3740 443 3800 regnum
470 3720 773 3799 provehere
802 3729 1003 3783 statuit.
1071 3727 1177 3783 Res
1208 3728 1611 3783 communicatis
1640 3739 1759 3780 cum
1787 3724 2070 3780 Heriborto
2099 3721 2361 3799 consiliis,

127 3817 614 3874 veromanduorum
643 3819 840 3872 comite
873 3820 930 3872 et
954 3815 1143 3886 Pipino
1172 3820 1290 3885 ejas
1320 3814 1500 3886 fratre,
1546 3816 1679 3883 regii
1708 3813 1980 3882 sanguinis
2009 3810 2358 3883 principibus,

15 3910 16 3929 ²
129 3910 241 3964 acta
262 3911 371 3976 est,
399 3907 493 3976 qni
519 3918 742 3975 regnam
770 3905 838 3960 ad
864 3906 1124 3974 privatam
1152 3903 1406 3960 familiam
1435 3902 1764 3973 translatum,
1801 3900 1941 3957 baud
1968 3901 2159 3969 aequis
2186 3899 2363 3956 oculis

15 4006 16 4045 z
131 3993 477 4067 aspiciebant.
550 3992 818 4050 Ert'ridnm
854 3994 1016 4050 etiam
1059 3994 1309 4049 comitem
1347 3995 1587 4049 nominat
1612 3989 1779 4047 Falco
1820 3988 1961 4060 apud
1984 3987 2360 4061 Frodoardum,

133 4082 360 4153 consilii,
371 4086 432 4138 ut
449 4085 686 4154 apparot,
705 4084 1017 4154 adjutorem.
1068 4082 1178 4138 Sed
1193 4085 1385 4153 coepta
1399 4084 1663 4152 sequente
1679 4080 1888 4136 demam
1904 4093 2043 4135 anno
2056 4079 2359 4150 perfecere.

263 4172 353 4227 15.
425 4169 490 4225 In
529 4184 700 4240 regno
743 4170 1049 4228 Arelatensi
1093 4171 1329 4241 synodus
1374 4167 1557 4225 babitu
1605 4172 1693 4224 est
1737 4168 1978 4225 Viennae
2022 4171 2079 4224 in
2122 4164 2362 4224 ecclesia

139 4254 186 4313 S.
202 4259 501 4316 Salvatoris
521 4272 567 4314 a.
585 4259 649 4316 D.
668 4260 790 4319 892.
811 4260 991 4316 indict.
1014 4261 1098 4332 10,
1118 4261 1204 4316 cui
1227 4260 1392 4328 legati
1417 4271 1449 4313 a
1465 4256 1740 4328 Formoso‚
1757 4256 1993 4313 Pascaiis
2013 4261 2069 4314 et
2086 4255 2363 4311 Iohannes

142 4350 391 4417 episcopi,
421 4346 637 4405 amere.
688 4348 1070 4420 subscripsere
1096 4352 1313 4420 praeter
1338 4346 1439 4403 bos
1467 4344 1859 4418 archiepiscopi
1878 4347 2173 4403 Bernoinus
2190 4341 2363 4398 Vien-

143 4437 335 4507 nensis,
362 4435 684 4494 Aurelianus
710 4436 1113 4509 Lugdunensis3
1146 4438 1202 4494 et
1228 4436 1475 4511 episcopi
1501 4435 1661 4495 Isaac
1687 4434 2022 4504 Valentinus,
2043 4430 2199 4490 Isaac
2224 4430 2363 4489 alter
