2817 4959
634 333 1167 405 ANNALES
1237 332 1697 404 IMPERII
2167 339 2296 405 559

39 512 230 569 taltia
273 506 591 583 appellatur.
661 513 742 569 ita
778 511 1014 579 Baraldo
1055 524 1185 569 sese
1224 510 1561 583 obvertebat,
1602 512 1722 568 sive
1749 524 1781 567 a
1819 510 1965 570 ,latia
2003 512 2122 570 sive
2155 515 2290 570 mari
2317 515 2384 583 Α,
2403 512 2536 584 '⁴8-

39 604 303 658 maturo.
375 601 469 656 Sin
508 600 724 669 >langius
765 602 1143 673 processisset,
1182 601 1392 659 bostem
1423 613 1455 656 a
1482 604 1632 670 tergo
1667 599 1996 674 reliquisset,
2036 615 2147 658 non
2173 602 2300 660 sine

39 694 389 747 nmmeatus
416 686 751 761 difficultate,
776 700 883 745 nec
910 693 1024 746 tuto
1050 693 1294 760 receptu.
1358 688 1470 745 Sed
1495 694 1554 745 et
1582 688 1748 745 breve
1773 690 2000 762 tempus,
2031 706 2139 762 quo
2166 704 2292 748 arc-

37 784 193 835 atm·
234 782 347 834 teta
390 778 679 850 expeditio,
718 779 1014 835 exercitam
1052 779 1110 834 in
1148 776 1441 849 longinqua
1481 779 1695 835 ductum
1734 778 1875 835 baud
1915 781 2144 852 patitur;
2185 784 2291 838 etsi

37 866 419 924 t'boodericus
445 867 687 923 Niemius
715 881 815 937 per
840 880 1075 925 errorem
1103 869 1354 925 semestri
1386 868 1595 937 integro
1621 878 1802 936 regem
1830 868 1886 924 in
1912 867 2083 925 Dania
2108 882 2292 927 mora·—

38 972 163 1012 um
193 955 416 1027 scribat,
442 956 624 1027 credo,
650 960 861 1027 tempas
887 968 1065 1012 rerum
1091 959 1360 1026 gestarum
1386 955 1751 1025 magnitudine
1777 956 2089 1014 aestimans.
2157 958 2291 1017 Nam

37 1048 180 1102 mte
222 1043 451 1102 mediam
494 1049 757 1101 aestatem
785 1044 914 1102 Otto
939 1046 1113 1101 victor
1138 1044 1205 1100 ad
1232 1041 1471 1101 Rhenum
1501 1056 1766 1101 reversus
1802 1048 1905 1118 est,
1943 1047 2005 1101 ut
2037 1058 2164 1102 mox
2203 1049 2294 1105 in-

38 1134 379 1203 telligemus.
434 1132 526 1188 Sic
551 1135 713 1202 igitur
738 1134 934 1205 statuo,
960 1132 1248 1189 Har-aldum
1277 1131 1435 1190 clade
1459 1135 1685 1204 accepta
1712 1134 1769 1189 in
1795 1135 2070 1203 angustias
2094 1133 2294 1193 redae-

38 1218 167 1278 nna'
209 1224 470 1294 imperata
515 1221 735 1294 iecisse,
775 1224 1231 1295 episcopatusque
1259 1222 1315 1279 in
1334 1220 1485 1277 dotia
1512 1222 1761 1278 conditos
1789 1234 1859 1280 ex
1885 1221 2124 1280 foederis
2148 1223 2290 1294 lege,

37 1312 162 1370 ‚tsi
191 1308 320 1366 Otto
347 1309 534 1383 Ilipam
575 1314 631 1366 et
660 1309 937 1382 Arbusam,
975 1311 1267 1366 maritimas
1306 1308 1487 1367 lutiae
1524 1309 1705 1382 urbes,
1733 1309 1894 1367 -illam
1919 1310 1988 1368 ad
2014 1324 2291 1385 oceanum,

37 1413 194 1455 iano
222 1398 290 1455 ad
316 1397 612 1454 Baltbicum
639 1400 831 1470 sinum,
857 1413 968 1455 non
982 1398 1188 1453 adierit
1212 1400 1350 1471 ipse.
1419 1398 1704 1455 Caeterum
1744 1397 1876 1455 lloet
1907 1412 1998 1456 res
2026 1401 2095 1456 ad
2124 1399 2293 1459 decus

37 1489 235 1558 Πειρη
276 1485 490 1543 ottonis
531 1487 811 1558 pertineat,
849 1500 947 1559 pro
987 1485 1222 1543 candore
1259 1498 1382 1543 meo
1427 1487 1769 1544 dissimulare
1807 1487 1953 1561 nolo,
1995 1487 2223 1545 dubitari
2257 1503 2291 1545 a

35 1589 160 1645 tuo,
203 1590 273 1632 an
312 1588 497 1631 verum
540 1576 627 1646 sit,
671 1575 813 1646 qnod
851 1574 1087 1630 Adamus
1125 1573 1290 1631 babet
1324 1587 1400 1632 ex
1439 1572 1595 1648 fama,
1641 1590 1747 1633 neo
1789 1575 1932 1633 Saxo
1971 1577 2291 1647 dissimulat,

35 1664 311 1721 ottonem
339 1662 478 1720 freto
513 1676 715 1720 nomen
743 1662 976 1720 dedisse.
1019 1720 1025 1727 ,
1049 1662 1183 1721 Nam
1213 1662 1518 1720 Odenseam
1543 1664 1849 1735 primarium
1878 1665 2132 1738 oppidum
2157 1665 2291 1722 Βίο-

35 1756 181 1811 niae
209 1752 700 1824 (posteaepiscopi
721 1749 1056 1807 ottoniensis
1076 1751 1294 1821 sedem)
1316 1750 1384 1808 ab
1402 1751 1604 1809 ottone
1619 1757 1805 1811 nostro
1825 1767 2023 1813 nemen
2042 1756 2290 1827 traxisse,

35 1854 216 1900 nemo
256 1853 319 1897 re
358 1839 500 1896 bene
543 1840 880 1897 considerata
920 1841 1142 1912 dixerit3
1191 1842 1247 1896 et
1289 1838 1668 1898 Odensundam
1710 1840 1902 1900 fretum
1942 1844 2012 1900 ad
2050 1843 2292 1900 Bioniam

35 1936 391 2003 [quanquam
432 1928 484 1984 id
527 1928 691 1986 bodie
724 1928 831 1985 boc
866 1930 1085 1988 nomine
1124 1929 1370 2001 amplius,
1418 1929 1560 2001 qnod
1588 1932 1774 2003 sciam,
1799 1944 1908 1988 non
1935 1930 2291 2003 designetur),

35 2016 320 2076 credibile
347 2022 447 2090 est,
491 2017 559 2073 ab
588 2017 776 2074 eadem
808 2032 970 2073 causa
998 2016 1416 2089 appellationem
1441 2032 1612 2090 prope
1639 2033 1974 2078 communem
1999 2019 2293 2090 babuisse;

35 2119 255 2180 nempe
279 2106 348 2162 ab
374 2105 572 2179 Odino,
613 2107 929 2183 perantiquo
958 2106 1226 2163 Saxonum
1253 2110 1311 2163 et
1338 2106 1605 2163 vanorum
1631 2110 1892 2180 principe,
1935 2121 2097 2180 quem
2121 2110 2180 2165 in
2204 2108 2291 2165 bis

35 2199 166 2253 oris
196 2208 453 2266 regnasse
493 2209 590 2267 pro
633 2200 781 2251 certo
821 2194 1062 2252 babetur.
1136 2194 1499 2252 Theodericus
1525 2196 1596 2252 de
1621 2194 1777 2253 Niem
1805 2197 2092 2255 manifeste
2117 2195 2290 2254 falsus

35 2290 159 2357 est,
201 2285 295 2354 qui
323 2284 481 2340 etiam
512 2281 884 2339 ottoniensem
911 2284 1283 2355 episcopatum
1314 2287 1370 2340 in
1396 2282 1583 2340 Pionia
1609 2285 1679 2341 ab
1707 2284 1905 2343 ottone
1932 2284 2207 2342 fundatum
2235 2291 2292 2342 et

33 2373 381 2430 nominatum
407 2374 630 2443 putavit.
693 2370 827 2428 Nam
855 2371 981 2428 Otto
1010 2384 1156 2428 mare
1180 2386 1291 2429 non
1319 2373 1548 2445 transiit,
1576 2371 1914 2431 ottoniensls
1941 2374 2288 2445 episcopatus

38 2462 327 2517 recentior
352 2463 438 2516 est
466 2460 680 2531 ottone,
701 2474 901 2518 nomen
928 2459 1077 2517 urbis
1104 2462 1376 2533 antiquius
1402 2458 1518 2518 fait.

200 2550 287 2605 11.
357 2547 488 2604 Dum
520 2549 644 2605 Otto
672 2547 740 2604 ad
767 2561 915 2603 mare
940 2548 1235 2606 Baltbicum
1263 2549 1411 2607 bello
1442 2548 1701 2621 fulminat,
1741 2550 1886 2608 Galli
1913 2552 2292 2623 expectatione

35 2650 283 2708 magnae
320 2639 511 2708 synodi
554 2635 1032 2708 suspendebantur.
1102 2634 1406 2693 Ludovicus
1447 2651 1544 2693 rex
1583 2642 1641 2694 et
1677 2637 1831 2709 nugo
1873 2637 1978 2695 dux
2013 2640 2289 2711 quievere,

34 2739 127 2783 ne
156 2739 370 2782 eausmn
412 2741 561 2782 snam
592 2725 914 2781 deteriorem
948 2724 1258 2781 redderent.
1329 2725 1588 2783 Kalendis
1612 2725 1841 2794 Augusti
1868 2725 1995 2782 Otto
2022 2731 2082 2783 et
2106 2726 2291 2783 Ludo-

34 2818 210 2871 -vicus
236 2828 413 2886 reges,
454 2815 686 2871 Marinus
713 2814 925 2882 legatus
952 2812 1174 2868 Romani
1209 2810 1481 2884 pontificis
1509 2819 1567 2871 et
1606 2817 1821 2871 evocati
1858 2814 2036 2871 literis
2061 2815 2289 2887 Agapeti

42 2905 226 2962 Roma
264 2903 445 2960 missis
486 2902 881 2975 archiepiscopi
922 2912 1110 2957 omnes
1149 2900 1466 2960 Germaniae
1507 2914 1628 2960 cnm
1661 2916 1855 2973 magna
1885 2908 2038 2974 parte
2066 2904 2289 2975 episco-

40 3007 263 3064 porum,
311 3006 378 3049 ex
422 2991 596 3048 Gallia
646 2990 1085 3063 archiepiscopus
1122 2989 1415 3046 Remensis
1458 2995 1513 3047 et
1550 2990 1757 3061 aliquot
1802 2994 1922 3062 ejus
1967 2991 2290 3062 suffraganei

42 3079 277 3139 affuere.
328 3081 623 3138 Interiores
648 3079 832 3137 Gallos
860 3081 1035 3137 metus
1062 3077 1302 3149 Bugonis
1330 3078 1476 3134 domi
1501 3081 1737 3137 retinuit.
1786 3079 1896 3139 Sed
1921 3083 2100 3152 ipsum
2125 3080 2288 3153 'prae-

34 3169 233 3227 sulum
258 3169 547 3225 indiculum
578 3183 647 3226 ex
672 3167 978 3225 Frodoardo
1015 3168 1218 3239 pariter
1243 3170 1300 3224 et
1326 3170 1675 3225 conciliorum
1705 3182 1932 3240 corpore
1965 3170 2105 3226 inira
2134 3169 2292 3227 dabi-

42 3272 193 3330 mus,
228 3258 497 3314 restitutis
525 3270 668 3314 nunc
694 3257 904 3314 demum
932 3260 989 3313 et
1015 3257 1072 3311 in
1095 3254 1224 3314 luce
1251 3257 1446 3328 positis
1473 3257 1738 3331 omnibus,
1779 3271 1921 3330 quae
1950 3260 2090 3331 apud
2120 3258 2291 3315 Baro-—

38 3350 202 3404 nium
246 3352 299 3403 et
339 3346 689 3404 conciliorum
729 3346 969 3404 editores
1012 3349 1068 3401 et
1107 3344 1466 3402 Frodoardum
1515 3348 1689 3419 ipsum
1752 3351 1999 3420 corrupta
2045 3349 2139 3402 aut
2178 3360 2292 3405 non

38 3435 330 3493 intellecta
370 3434 703 3506 legebantur.
774 3434 883 3491 Sed
911 3433 982 3490 de
1007 3437 1251 3506 tempore
1293 3436 1665 3492 controversia
1687 3437 1943 3494 nascitur.
1985 3435 2292 3507 scripserat

38 3524 408 3594 Frodoardus,
448 3525 702 3581 indictam
742 3523 882 3579 banc
921 3524 1183 3595 synodum
1222 3524 1279 3580 in
1318 3522 1587 3581 Kalendas
1629 3524 1872 3597 Aug-sti,
1913 3538 2039 3580 mox
2078 3525 2127 3580 7.
2162 3522 2292 3581 idus

36 3614 202 3670 Junil
242 3616 634 3685 congregatam,
677 3626 834 3683 quam
875 3611 1017 3668 diem
1059 3613 1221 3668 etiam
1260 3610 1463 3670 babent
1500 3617 1624 3669 acta
1664 3613 1898 3684 concilii,
1940 3625 2082 3683 quae
2118 3612 2290 3669 edidit

38 3701 383 3759 sirmondus.
455 3701 587 3767 Quis
613 3713 745 3758 vero
785 3705 965 3771 patres
1005 3699 1149 3757 binis
1187 3701 1574 3772 propemodum
1615 3700 1893 3758 mensibus
1921 3698 2062 3756 diem
2091 3699 2289 3757 dictam

40 3791 405 3864 praevenisse
446 3791 645 3847 credat.
728 3789 915 3862 ltaque
957 3788 1239 3847 dicendum
1279 3788 1508 3859 videtur,
1548 3790 1736 3847 inesse
1769 3786 2017 3845 meadum
2045 3787 2291 3846 alterutri

40 3883 195 3952 loco,
223 3883 280 3936 et
300 3879 457 3936 binas
474 3881 804 3951 autoritates,
834 3881 894 3934 ut
910 3892 1139 3949 aequum
1158 3882 1261 3949 est,
1282 3880 1376 3935 uni
1399 3877 1769 3951 praeferimus,
1797 3879 1855 3933 et
1865 3876 2058 3935 ,iunias
2080 3877 2289 3952 placet3

41 3969 201 4025 unde
227 3966 501 4025 fatendum
529 3972 631 4041 est,
670 3981 758 4024 res
787 3971 979 4039 tantas,
1019 3970 1252 4039 quantae
1291 3968 1638 4038 expeditione
1674 3964 1878 4022 Danica
1916 3969 2107 4037 gestae
2147 3972 2289 4040 sunt,

34 4061 160 4129 jam
189 4070 378 4114 mense
404 4055 548 4127 binio
577 4056 768 4113 confici
794 4070 904 4112 non
931 4058 1191 4128 potuisse,
1230 4057 1337 4111 nisi
1366 4052 1618 4113 Ouonem
1659 4056 1778 4128 ipsa
1804 4054 1997 4126 hyeme
2024 4058 2080 4115 in
2106 4056 2288 4114 Dauos

38 4147 293 4203 movisse
331 4145 589 4217 dicamus,
630 4144 773 4217 quod
813 4145 975 4203 etiam
1008 4148 1182 4203 secuti
1210 4158 1411 4201 sumus.
1484 4143 1584 4201 Est
1612 4145 1790 4202 tamen
1817 4145 1957 4204 etin
1981 4146 2120 4201 actis
2148 4158 2288 4202 coa-

39 4234 166 4292 ctlii
195 4233 500 4306 difficultas,
526 4245 649 4291 nam
675 4245 766 4291 res
798 4233 880 4291 13.
909 4248 1051 4292 anno
1080 4233 1293 4292 ottonis
1319 4236 1441 4291 acta
1468 4231 1732 4290 scribitur.
1804 4232 1914 4290 Sed
1938 4233 2100 4290 sunio
2125 4232 2286 4302 liujus

36 4324 177 4383 anni
205 4320 378 4381 adbuc
418 4322 504 4380 ¹2.
531 4321 860 4396 numerabat,
900 4323 1165 4381 decimum
1202 4324 1417 4380 tertium
1444 4322 1656 4380 demum
1681 4322 1840 4381 lulio.
1912 4319 2022 4378 Sed
2047 4319 2288 4378 fortasse

36 4416 107 4473 tn
132 4411 363 4487 prologo
404 4412 622 4472 concilii
660 4411 866 4469 laxiore
903 4424 1070 4471 seusa
1109 4413 1201 4484 (ut
1238 4410 1299 4470 iit
1336 4410 1659 4484 aliquando)
1699 4415 1849 4470 totus
1885 4420 2058 4470 mas
2084 4406 2284 4467 christi
