2817 4959
671 277 1204 345 ANNALES
1270 277 1726 346 IMPERII
2179 282 2306 347 599

69 449 161 508 ed
208 448 357 507 liaeo
381 463 521 521 pene
550 452 728 507 omnia
755 452 955 508 nullam
982 454 1220 523 speciem
1248 454 1364 508 veri
1392 451 1605 523 babent,
1648 458 1703 509 et
1744 465 1838 523 pro
1885 454 2110 509 maxima
2149 457 2305 524 parte
2331 453 2398 522 A.
2417 453 2553 523 951,

67 538 377 610 :ploratis
420 545 671 610 pugnant,
713 539 1036 609 sigefridum
1077 540 1351 613 appellare
1391 537 1759 612 Malaspinam‚
1802 544 1888 596 est
1913 542 2214 613 posteriora
2249 544 2307 600 iu

65 623 285 697 kiquot
314 628 499 684 secula
526 628 812 685 retrabere.
882 628 1123 685 Donnizo
1162 633 1676 700 (contemporaneus
1714 628 1935 700 Atheni,
1977 633 2068 700 qni
2094 636 2152 688 et
2177 632 2306 704 Azo,

64 717 93 770 t
132 714 253 770 filii
288 720 409 785 ejus
440 715 718 773 Guelfonis
748 718 933 785 ducis)
973 719 1156 787 utique
1194 717 1497 775 Barattinos
1539 720 1676 774 intra
1704 718 2041 774 Parmensem
2079 721 2307 775 tractum

62 817 166 860 on
218 804 606 877 conclusisset,
673 807 720 861 si
768 808 899 861 tanti
935 808 1205 876 principes
1246 806 1371 862 inde
1426 807 1843 877 processissent.
1914 806 2078 864 Fulco
2121 821 2305 865 comes

59 890 336 965 friburgi,
388 894 626 964 lingonis
667 892 986 950 marchionis
1035 894 1214 965 irater,
1268 908 1472 951 merum
1513 892 1818 965 figmentum
1860 901 1960 966 est,
2014 899 2196 951 natum
2237 908 2307 953 ex

57 980 358 1039 'uteribus
386 985 667 1054 scripturis
696 983 834 1040 maie
862 983 1036 1054 lectis,
1063 989 1122 1039 ut
1149 982 1278 1039 alibi
1307 985 1524 1040 annoto.
1598 985 1712 1039 Azo
1741 982 1911 1040 Gnelfi
1955 982 2106 1040 ducis
2141 983 2307 1041 frater

55 1070 260 1126 rullus
293 1085 524 1141 unquam
567 1071 700 1138 suit;
751 1085 848 1143 pro
891 1085 959 1127 eo
998 1072 1161 1128 Fulco
1202 1071 1483 1144 ponendus
1520 1077 1672 1142 erat;
1726 1071 2002 1128 Conradus
2042 1072 2307 1129 Bonitaeii

54 1159 242 1215 rator
276 1157 478 1215 liberos
506 1158 686 1215 nullos
713 1160 946 1230 reliquit,
974 1161 1080 1215 imo
1107 1174 1211 1216 nec
1238 1174 1407 1216 uxore
1435 1161 1594 1215 ducta
1624 1164 1838 1229 juvenis
1867 1162 2122 1231 decessit,
2165 1162 2308 1231 quod

51 1263 115 1304 tx
154 1248 495 1304 Donnizone
521 1246 866 1305 manifestum
894 1254 993 1305 est.
1066 1248 1283 1304 Talibus
1311 1251 1568 1319 expensis
1609 1261 1787 1320 spero,
1832 1251 1977 1306 viros
2019 1250 2210 1306 doctos
2250 1251 2309 1306 in

49 1337 227 1393 Ltalia
256 1339 604 1407 imposterum
631 1339 810 1410 potius
851 1338 1046 1395 Felicis
1075 1337 1389 1410 Contelorii,
1428 1337 1701 1393 Francisci
1739 1337 1940 1394 Mariae
1978 1337 2309 1411 Florentinii,

47 1425 262 1483 :osmi
292 1427 504 1483 Arenae
540 1431 598 1482 et
638 1440 926 1497 paucorum
967 1426 1189 1483 aliorum
1217 1429 1363 1499 paris
1404 1427 1715 1496 diligentiae
1749 1427 2044 1498 judiciique
2071 1430 2306 1500 scripto-

47 1531 205 1586 rum,
238 1529 399 1586 quam
426 1514 695 1570 Francisci
722 1514 1022 1587 senserim,
1048 1515 1238 1571 iacobi
1285 1515 1618 1588 Zabarellae,
1660 1514 1872 1572 Antonii
1899 1516 2179 1573 Possevini
2214 1520 2309 1587 Ju-

45 1606 265 1675 nioris,
327 1603 549 1673 Euge-ii
601 1602 897 1659 Gamurrini
954 1609 1008 1660 et
1048 1604 1300 1660 similium
1351 1603 1633 1660 multorum
1687 1605 2034 1675 genealogias
2088 1605 2312 1662 italicas

43 1695 417 1750 tractantium
470 1690 718 1763 exempla
769 1699 1068 1764 secuturos,
1121 1695 1213 1763 qni
1275 1691 1507 1750 familias
1566 1692 1851 1766 Mathildis,
1908 1693 2215 1750 Estensinm
2254 1695 2316 1750 et

42 1784 309 1839 'rusciae
358 1782 655 1853 principum
706 1779 854 1836 miris
900 1781 1211 1851 labyrinthis
1252 1782 1479 1855 illigant,
1512 1782 1835 1852 sigefridum
1875 1785 1932 1839 in
1969 1781 2310 1853 sigebertum

46 1873 301 1942 mutant,
347 1883 467 1926 mox
507 1869 631 1925 huic
669 1885 865 1926 novum
908 1857 1106 1928 nomen
1152 1869 1339 1928 Oberti
1378 1871 1467 1927 vel
1505 1870 1711 1927 Alberti
1755 1870 1970 1942 addunt,
2014 1869 2310 1926 Hubertum

47 1960 325 2023 otberto,
354 1955 607 2029 lingones
636 1958 881 2015 diversos
918 1961 1060 2028 inter
1099 1973 1163 2015 se
1192 1959 1537 2032 confundunt,
1583 1962 1840 2031 tempora,
1879 1958 2019 2031 loca,
2060 1957 2312 2015 homines

48 2051 325 2106 miscent.

223 2137 308 2193 17.
393 2135 636 2206 Magnam
656 2135 931 2206 -Sigelridi
989 2151 1056 2195 ex
1109 2135 1341 2194 Lucensi
1449 2138 1636 2194 mitatu
1674 2138 1933 2210 principis
1973 2129 2308 2194 nobilitatem

52 2225 267 2298 fnisse,
293 2225 432 2281 baud
458 2225 757 2295 negandum
785 2230 930 2296 puto.
1000 2225 1202 2282 Suadet
1230 2225 1400 2282 Donn'
1438 2228 1559 2283 onis
1584 2226 1763 2282 locus:

534 2314 673 2371 Nam
700 2314 905 2370 Prianri
924 2315 1109 2384 proles
1132 2329 1247 2370 non
1270 2315 1353 2370 liis
1374 2321 1501 2370 sunt
1524 2314 1830 2370 nobiliores.

52 2403 141 2461 Et
187 2401 332 2459 iavet
370 2403 649 2459 multitudo
683 2402 1005 2460 vasallorum
1040 2404 1253 2458 Attonis
1293 2407 1413 2474 ejus
1442 2401 1555 2473 filii,
1592 2405 1684 2475 qui
1711 2406 1767 2458 in
1794 2401 1993 2460 chartis
2019 2416 2180 2475 supra
2207 2414 2309 2460 ex-

53 2495 276 2563 cerptis
305 2498 672 2549 memorantur.
737 2492 888 2550 Adde
916 2494 1058 2563 quod
1077 2492 1186 2549 Leo
1208 2492 1479 2550 Ostiensis
1494 2492 1809 2550 Adelbeidis
1836 2495 2058 2566 reginae
2082 2493 2307 2564 propin-

52 2594 240 2652 quum
262 2578 422 2648 facit3
452 2582 595 2651 quod
614 2580 801 2637 deberi
821 2584 993 2652 potnit
1020 2581 1354 2638 matrimonio
1381 2579 1541 2637 nobis
1567 2585 1750 2651 ignoto
1776 2584 2052 2652 majorum.
2122 2579 2311 2649 ltaque

51 2669 315 2739 suspicio
342 2672 466 2725 nata
486 2675 573 2726 est
589 2668 913 2741 Contelorio,
944 2684 1100 2740 qnam
1119 2669 1409 2740 attulimus,
1437 2670 1535 2725 sed
1553 2684 1661 2725 non
1680 2669 2008 2725 admisimus.
2079 2668 2310 2725 Cosmus

53 2761 257 2816 Arena
297 2772 415 2814 cnm
456 2758 671 2815 fratrem
714 2757 993 2815 Adelberti
1032 2757 1355 2813 marchionis
1382 2757 1628 2828 Tusciae,
1668 2757 1861 2814 Bertae
1888 2755 2139 2812 Lotliario
2177 2769 2308 2825 rege

54 2851 240 2905 natae
277 2850 464 2918 mariti,
505 2847 834 2904 Bonil'aeium
880 2849 936 2902 in
979 2851 1169 2903 vetere
1205 2845 1401 2918 charta,
1440 2858 1601 2918 supra
1645 2845 1712 2901 ad
1753 2861 1801 2901 a.
1827 2843 1888 2901 D.
1919 2843 2040 2902 984.
2081 2858 2113 2899 a
2148 2842 2308 2901 nobis

58 2935 330 3006 exhibita,
366 2938 677 3008 reperisset,
713 2952 820 2993 non
845 2938 1031 3008 inepte
1057 2936 1361 3007 suspicatus
1389 2938 1492 3006 est,
1532 2937 1778 3005 potuisse
1803 2948 1872 2990 ex
1897 2933 2003 2988 boc
2028 2932 2308 2990 Boniracio

58 3027 231 3083 nasci
256 3024 575 3095 sigefridum
604 3029 842 3081 nostrum
871 3027 1085 3082 Attonis
1114 3026 1327 3081 comitis
1354 3029 1576 3095 patrem.
1647 3023 1779 3079 Nam
1808 3020 2118 3078 Bonifacins
2147 3034 2310 3094 prae-

61 3114 253 3170 fectus
280 3113 452 3169 litoris
483 3114 641 3168 Tusci
675 3118 903 3184 ejusque
941 3113 1083 3170 iilius
1108 3098 1432 3171 Adalbertus
1468 3117 1523 3169 et
1558 3124 1731 3183 nepos
1769 3111 1956 3168 itidem
1983 3108 2308 3167 Adaibertus

62 3203 306 3258 Tusciae
345 3201 680 3259 marchiones
707 3201 901 3259 Lucam
937 3204 1123 3260 sedem
1149 3202 1450 3271 habebant3
1483 3203 1668 3273 itaque
1696 3204 1751 3258 et
1779 3198 2111 3257 Bonifacium
2135 3199 2311 3255 ultim

63 3292 237 3362 hujus
261 3290 535 3347 Adalberti
576 3290 793 3347 fratrem
833 3294 888 3347 in
928 3290 1160 3348 Lucensi
1201 3293 1456 3347 comitatu
1491 3292 1690 3364 egisse,
1731 3290 1878 3348 credi
1903 3303 2002 3362 par
2028 3295 2141 3356 est;
2181 3287 2311 3346 inde

62 3379 368 3437 verisimile
395 3383 497 3452 est,
537 3380 692 3449 buius
721 3378 887 3437 tilium
913 3378 1250 3452 sigefridum,
1290 3382 1409 3436 sive
1445 3380 1588 3451 quod
1621 3384 1750 3436 natu
1790 3382 1962 3436 minor
1996 3384 2161 3450 esset,
2189 3378 2311 3435 sive

63 3472 397 3528 matrimonii
436 3475 528 3527 aut
566 3471 650 3526 sni
687 3470 781 3524 aut
818 3472 1027 3539 paterni
1068 3470 1254 3525 favore
1295 3471 1349 3524 in
1388 3467 1528 3525 banc
1553 3468 1975 3538 Longobardiam
2015 3483 2086 3526 ex
2112 3468 2310 3523 Tuscia

62 3562 309 3631 venisse,
335 3572 441 3624 neo
467 3558 752 3614 absurdum
782 3557 954 3630 inerit,
992 3561 1211 3614 matrem
1237 3557 1395 3627 hujus
1422 3557 1689 3631 sigefridi,
1717 3561 2000 3627 conjugem
2028 3554 2310 3626 Bonifacii,

66 3649 339 3717 suspicari
378 3661 619 3704 sororem
645 3647 898 3717 Sigen-idi
934 3649 1146 3704 comitis
1171 3646 1373 3719 palatii,
1414 3647 1472 3705 et
1497 3648 1793 3704 traductum
1820 3660 1888 3703 ex
1915 3647 2035 3714 ejus
2062 3646 2223 3713 gente
2250 3643 2310 3702 in

64 3737 214 3793 hanc
250 3735 503 3805 sigefridi
541 3750 756 3794 nomen.
842 3736 1041 3793 Scribit
1081 3735 1353 3808 Ugbellus,
1395 3734 1741 3793 Godei'ridum
1780 3733 1993 3790 Attonis
2032 3731 2200 3788 filium
2237 3731 2309 3788 ad

68 3827 446 3899 episcopatum
475 3825 773 3882 Lunensem
812 3826 869 3882 in
896 3824 1107 3894 Liguria
1134 3828 1294 3882 sitnm
1322 3827 1656 3898 pervenisse,
1693 3823 1786 3879 ubi
1814 3821 2017 3878 familia
2042 3819 2309 3880 Adalber-

67 3920 248 3972 torum
274 3914 544 3971 dominata
572 3914 686 3986 ruit,
714 3918 877 3985 atque
903 3915 1029 3971 inde
1050 3914 1281 3971 Brixiam
1306 3913 1637 3985 translatum,
1665 3912 1757 3969 ubi
1786 3912 2098 3984 episcopum
2125 3913 2308 3983 egisse

66 4007 278 4061 certum
304 4007 392 4061 est
419 4017 487 4060 ex
514 4001 848 4061 Donnizone.
921 4003 1072 4061 Unde
1094 4003 1359 4062 Lunensis
1378 4003 1725 4075 episcopatus
1753 4003 1806 4060 ei
1832 4003 2114 4075 astruatur,
2140 4012 2301 4059 nosse

68 4092 256 4152 velim.
327 4089 613 4150 Caeterum
634 4091 852 4152 schema
874 4092 984 4152 tale
1003 4091 1165 4153 nobis
1191 4092 1384 4166 prodit,
1413 4091 1505 4150 ubi
1533 4092 1764 4150 certiora
1791 4090 1968 4166 lineis,
1994 4087 2298 4149 verisimilia

67 4182 288 4254 punctis
312 4180 684 4253 designantur:
