2817 4959
573 271 583 282 ’
663 305 1194 378 ANNALES
1265 309 1715 379 urrann
2170 312 2290 382 soi

40 481 297 539 modam
334 480 619 552 desperata
656 481 820 540 liliam
858 482 1161 541 Lotbarium
1199 498 1381 556 regem
1422 485 1625 544 dixisse
1664 485 1824 558 addit,
1861 484 2025 556 idque
2059 498 2128 543 es
2160 485 2298 542 binis
2322 478 2477 554 υῦί.

38 570 315 627 Lotbarii
356 570 733 642 diplomatum
774 571 984 629 firmare
1039 577 1290 644 conatur;
1365 574 1464 629 sed
1511 572 1675 630 facile
1723 587 1870 629 error
1907 576 2093 631 inesse
2129 578 2301 646 potuit

38 661 332 732 exemplo
359 660 749 729 scripturarum.
821 661 1150 729 Desiguasse
1176 661 1400 717 arbitror
1426 675 1606 732 regem
1625 661 1943 731 Lotbarium,
1969 661 2168 719 iecisse
2189 676 2299 721 uon

42 750 224 819 item,
254 748 561 805 valetudiue
589 750 644 804 iu
672 748 863 805 melius
894 754 1107 808 munta.
1182 752 1365 808 Annos
1387 766 1419 806 a
1437 754 1605 807 morte
1633 752 1796 820 patris
1824 750 1966 806 bunc
1990 763 2295 807 numerasse

38 825 301 893 mabilio
327 850 397 892 ex
423 836 545 892 aliis
572 836 949 907 diplomatibus
978 837 1249 893 observat.

219 924 310 980 20.
380 924 661 996 Beparatis
700 926 895 981 deinde
935 924 1153 997 viribus,
1195 934 1434 998 tompore
1469 931 1744 999 provecto,
1784 928 1985 984 omissa
2012 926 2296 999 Aquitania,

36 1014 271 1068 statuit
296 1013 468 1070 redire
490 1015 546 1069 in
572 1012 1003 1086 Franciam‚.quo
1031 1016 1247 1071 nomine
1276 1019 1401 1070 tunc
1430 1016 1646 1070 citerior
1673 1013 1878 1071 Galliae
1905 1028 2030 1087 pars
2058 1014 2297 1086 appella-

38 1099 267 1171 bntur3
304 1104 599 1158 commotus
626 1115 744 1158 cum
773 1101 895 1159 aliis
920 1089 1101 1173 rebus}
1138 1106 1245 1159 tum
1275 1104 1417 1174 quod
1445 1102 1746 1160 Friderious
1775 1101 1939 1159 frater
1957 1103 2294 1159 adelberonis

39 1191 325 1260 episcopi
351 1188 607 1248 aletensis
635 1204 776 1247 novo
802 1203 944 1247 nexu
969 1190 1178 1261 lingoni
1205 1192 1444 1260 illigatus
1490 1194 1640 1262 (nam
1668 1205 1839 1264 nuper
1865 1196 1985 1263 eius
2010 1191 2164 1248 filiam
2191 1189 2295 1247 sibi

41 1278 458 1349 desponderat,
499 1280 604 1334 etsi
640 1281 1027 1336 matrimonium
1066 1282 1241 1337 serius
1270 1283 1343 1337 sit
1370 1277 1647 1350 secutum)
1685 1282 2032 1337 munitionem
2059 1280 2294 1338 inBanis

40 1366 184 1438 vel,
212 1368 275 1422 ut
300 1366 513 1436 quidam
536 1365 824 1424 Frodoardi
852 1369 1025 1425 codex
1048 1366 1226 1441 babet,
1252 1371 1308 1425 in
1335 1368 1511 1439 Funis,
1539 1368 1661 1425 loco
1684 1367 1878 1426 Gallici
1904 1371 2071 1441 regui,
2098 1373 2296 1425 struere

40 1457 372 1527 coepisset,
399 1459 455 1512 et
475 1455 596 1512 ioca
619 1457 995 1526 circumposita
1019 1455 1224 1514 crebris
1246 1456 1750 1528 depraedationibus
1778 1463 2015 1515 vexaret.
2087 1456 2140 1516 ii
2167 1469 2296 1525 ergo

42 1543 383 1602 Ludovioas
425 1543 653 1600 moleste
693 1543 892 1616 ferens,
941 1545 1261 1614 legationem
1302 1546 1369 1602 ad
1410 1545 1662 1602 ottonem
1697 1548 1863 1619 misit,
1908 1550 1969 1603 ut
2006 1544 2299 1602 Friiericus

46 1636 203 1703 ejus
229 1632 476 1690 subditus
495 1631 625 1688 talia
643 1646 804 1700 agere
826 1632 1215 1705 prohiberetur,
1243 1636 1534 1704 annuitque
1560 1632 1702 1705 Otto,
1723 1640 1781 1692 et
1796 1635 1967 1692 vetuit
1984 1633 2301 1691 Friderlcun

44 1733 327 1793 pergere,
366 1721 473 1776 nisi
506 1732 779 1777 consensu
805 1720 1060 1780 Ludovici
1098 1723 1399 1795 impetrato.
1468 1721 1551 1780 De
1575 1721 1843 1781 Friderico
1879 1723 2031 1795 plura
2064 1722 2301 1781 dicemus

47 1810 141 1869 ad
177 1823 226 1866 a.
246 1808 290 1863 D
295 1848 446 1866 .....
1833 1849 1851 1863 .

223 1897 309 1954 m.
380 1897 481 1953 Hic
505 1911 697 1968 magna
722 1898 863 1956 inter
889 1898 1128 1956 eruditos
1156 1900 1523 1957 controversia
1550 1899 1674 1956 nata
1702 1901 1818 1958 est:
1852 1913 2008 1971 quam
2038 1900 2338 1970 diffiniere,

50 1987 239 2056 hujus
281 1987 387 2042 loci
430 1988 546 2042 erit.
631 1986 721 2044 ΗΒ
751 1992 837 2045 est
860 1986 1021 2046 bodie
1047 1989 1187 2045 inter
1213 1986 1507 2046 Germanos
1537 1986 1829 2059 Gallosque
1856 1988 1926 2045 de
1951 1975 2311 2082 &affliet-

49 2076 246 2134 tensi.
317 2072 453 2130 Galli
473 2072 687 2131 feudum
708 2085 835 2134 esse
851 2076 1178 2134 contendunt
1196 2079 1339 2148 regis
1361 2077 1475 2143 sui3
1507 2074 1755 2133 Germani
1777 2081 1960 2133 contra
1983 2077 2052 2133 ad
2071 2081 2310 2132 nostrum

54 2165 359 2235 imperium
403 2176 513 2228 non
558 2164 732 2221 minus
773 2178 933 2236 quam
972 2169 1238 2222 caeteram
1277 2163 1674 2235 Lotbaringiam
1718 2165 2009 2237 pertinere.
2091 2164 2161 2220 Et
2200 2177 2312 2220 nun

56 2253 424 2322 injucundum
451 2252 747 2317 erit,relatu
776 2268 892 2309 cum
914 2256 1116 2324 jurene
1144 2251 1319 2309 adbuc
1345 2251 1789 2310 christianissimo
1806 2254 1841 2293 ⁶
1867 2267 2013 2325 rege,
2049 2254 2142 2324 qni
2168 2264 2312 2308 nunc

60 2354 297 2414 quoque
322 2342 590 2397 rarissima
612 2339 872 2399 felicitate
890 2346 1098 2413 regnat,
1120 2343 1178 2398 in
1201 2346 1391 2398 senatu
1410 2341 1651 2398 Parisino
1672 2341 1889 2413 publice
1909 2343 2316 2414 pronunciatum

61 2435 250 2501 esset,
276 2430 590 2488 Barrensem
611 2430 858 2487 ducatum
875 2432 1007 2501 regii
1030 2432 1167 2502 juris
1188 2443 1335 2504 esse,
1358 2433 1592 2502 equitem
1614 2428 1948 2503 Germanum,
1973 2429 2101 2488 milii
2120 2433 2305 2501 postea

59 2522 282 2589 notum,
312 2519 402 2589 qui
429 2521 556 2575 tunc
583 2517 724 2576 terte
748 2519 962 2576 Parisiis
992 2518 1200 2591 agebat,
1236 2527 1420 2576 oestro
1448 2520 1675 2589 quodam
1704 2519 1810 2577 zeli
1836 2534 1934 2591 pro
1961 2519 2133 2592 patria
2159 2531 2295 2574 oom-

61 2611 313 2684 -otum3
361 2606 468 2663 alta
507 2621 644 2663 voce
684 2617 783 2677 per
820 2609 1266 2678 protestationem
1303 2608 1716 2672 contradixisse,
1757 2605 2204 2678 stupentibusque
2229 2618 2302 2668 re„

60 2697 320 2753 novitate
340 2695 601 2768 omnibus,
629 2697 918 2753 immixtum
941 2695 1129 2754 turbae
1155 2694 1292 2766 (boc
1310 2700 1459 2752 certe
1477 2695 1784 2765 sapienter)
1810 2694 2105 2751 imminenfl
2125 2694 2309 2764 utique

65 2786 291 2842 carceri
328 2797 397 2842 se
434 2783 774 2842 subduxisse.
866 2784 1028 2840 Porro
1070 2781 1208 2840 Galli
1250 2783 1576 2839 contendunt
1618 2783 1675 2838 in
1714 2781 1819 2837 boc
1856 2780 2150 2838 Frodoardi
2187 2779 2312 2837 loco

66 2872 370 2944 legendum
394 2872 610 2946 Bor-ris,
651 2886 757 2929 uon
798 2872 969 2928 Bonis
1005 2871 1097 2930 vel
1122 2870 1322 2927 Farris:
1369 2872 1541 2927 nostri
1586 2873 1731 2927 stant
1769 2870 1995 2927 ,lectioni
2038 2871 2311 2939 receptae.

66 2964 290 3033 agitata
314 2975 405 3018 res
432 2965 519 3018 est
542 2963 682 3018 inter
709 2960 945 3018 eruditos
970 2960 1281 3017 Austriaoae
1307 2962 1364 3016 et
1379 2958 1681 3016 Borboniae
1707 2960 1882 3029 gentis
1913 2956 2311 3028 hyperaspistas

64 3049 377 3109 'ohannem
403 3048 664 3106 Jacob'um
694 3048 1013 3107 chiffletium
1044 3054 1098 3107 et
1127 3048 1383 3106 Davidem
1410 3046 1767 3105 Blondellum.
1848 3045 2003 3103 lllum
2027 3046 2084 3102 iu
2109 3042 2313 3102 Lotba-

68 3140 254 3199 riensi
281 3151 460 3211 opere,
487 3138 627 3196 bunc
654 3139 913 3210 peculiari
941 3138 1322 3198 dissertatione
1348 3137 1418 3193 de
1444 3137 1608 3194 Barro
1637 3134 1962 3208 Campaniae
1987 3134 2216 3192 asserto.

225 3226 310 3284 22.
382 3227 595 3284 Barrum
622 3226 786 3283 Ducis
814 3226 1021 3298 dicitur,
1056 3229 1117 3283 ut
1133 3240 1165 3283 a
1181 3226 1345 3283 Barro
1362 3225 1430 3283 ad
1450 3224 1639 3282 Albam
1667 3227 1724 3281 et
1742 3224 1908 3282 Bar-ro
1924 3224 1990 3280 ad
2011 3223 2313 3296 Sequanam

71 3316 464 3385 distinguatar3
504 3322 562 3373 et
600 3315 739 3372 forte
768 3330 801 3372 a
827 3318 1092 3372 structore
1118 3315 1255 3372 duce
1283 3328 1477 3370 nomen
1504 3313 1706 3371 babuit.
1776 3313 1985 3370 Revera
2021 3314 2164 3370 enim
2187 3310 2313 3367 Fri-

72 3405 322 3461 dericum
348 3408 555 3476 postea,
598 3417 716 3459 cum
756 3404 930 3461 factus
970 3407 1119 3462 esset
1146 3405 1251 3460 dux
1277 3402 1667 3474 Lotharingiae,
1708 3401 1974 3459 Bai-reuse
2000 3404 2228 3458 castrum
2255 3402 2312 3455 in

70 3494 350 3550 territorio
379 3491 646 3560 Tallensis
676 3494 920 3565 episcopi
948 3490 1207 3550 Gerliardi
1234 3491 1569 3564 aedificasse,
1599 3503 1776 3563 eoque
1801 3490 1940 3563 apud
1969 3489 2220 3545 ottonem
2240 3487 2312 3543 Ι.

74 3585 466 3653 conquerente,
506 3580 843 3638 satisfecisse
873 3583 1131 3653 episcopo
1158 3580 1365 3638 duabus
1394 3580 1641 3653 abbatiis,
1674 3579 1854 3638 Medio
1882 3577 2094 3634 scilicet
2121 3575 2313 3632 bloua-

74 3672 254 3726 sterio
291 3668 824 3742 (Hoyen-munster)
864 3676 921 3725 et
960 3651 1218 3740 Galilaea,
1256 3683 1395 3740 quae
1431 3670 1626 3726 dicitur
1652 3668 1926 3726 Deodatus
1962 3680 2081 3722 cum
2109 3664 2312 3736 aliquot

74 3758 233 3818 viius
271 3760 569 3828 patrimonii
611 3761 694 3815 sni
732 3757 957 3830 traditis,
995 3757 1194 3820 babent
1234 3759 1408 3815 Bruno
1447 3760 1742 3830 episcopus
1780 3754 2048 3814 'tullensis
2086 3758 2312 3825 (postea

72 3845 195 3904 Leo
240 3846 329 3906 11.
371 3848 544 3919 papa)
588 3846 778 3904 libello
819 3846 887 3902 de
926 3846 1337 3906 accessoribus
1376 3847 1432 3902 S.
1467 3845 1684 3902 Hiidulfi
1725 3846 1784 3904 in
1814 3845 2042 3914 Vosago,
2084 3847 2142 3899 et
2172 3842 2310 3899 alius

69 3936 277 4005 Bruuo,
316 3936 550 4008 scriptor
589 3934 823 3993 chronici
864 3935 921 3991 S.
950 3934 1195 3994 Deodati.
1264 3935 1566 3993 Fridericus
1604 3934 1800 3992 deinde
1841 3934 1900 3990 in
1928 3931 2092 3988 Barro
2132 3934 2315 3988 monte

71 4024 138 4081 S.
158 4022 441 4082 Michaelis
472 4022 759 4080 ecclesiam
787 4022 1027 4082 fundavit
1053 4038 1101 4081 a.
1120 4023 1184 4081 D.
1205 4024 1275 4081 97
1282 4027 1302 4081 i
1309 4067 1331 4098 ,
1354 4024 1535 4080 indict.
1557 4023 1640 4095 ia,
1667 4035 1807 4079 anno
1829 4021 1898 4078 35
1918 4018 2148 4092 ottonis,
2176 4031 2315 4090 quae

67 4115 213 4172 nota
253 4114 509 4183 temporis
551 4113 713 4169 etiam
750 4112 951 4169 indicio
989 4118 1092 4184 est,
1131 4112 1306 4170 locum
1349 4115 1404 4169 in
1435 4112 1646 4169 ottonis
1686 4112 1910 4181 imperio
1939 4112 2097 4166 situm
2126 4107 2314 4177 fuisse,

70 4200 276 4272 ltaque
328 4202 420 4273 qui
469 4200 746 4258 historiam
798 4200 854 4256 S.
895 4199 1174 4260 Michaelis
1216 4216 1340 4258 sero
1386 4202 1621 4272 scripsit,
1674 4205 1904 4256 castrum
1943 4199 2199 4255 structum
2238 4196 2318 4251 ait

70 4291 138 4346 in
176 4288 411 4350 confinio
451 4289 823 4361 Lotbariugiae
863 4294 918 4348 et
958 4289 1282 4364 Campaniae
1321 4294 1572 4361 tanquam
1615 4288 1823 4348 barram
1863 4289 1979 4344 sire
2005 4284 2318 4356 repagulum

70 4378 277 4452 (vulgo
304 4378 591 4438 barreriam
626 4384 822 4438 vocant
847 4379 1178 4450 Semilatini)
1215 4385 1276 4436 ut
1302 4378 1440 4436 fines
1467 4384 1656 4436 contra
1679 4378 2030 4437 excursiones
2056 4387 2127 4432 ex
2154 4371 2321 4429 Can-

192 4484 243 4541 .)
266 4484 649 4536 christiuiuirno
674 4507 727 4523 -—
754 4491 921 4545 retunt
943 4487 1113 4543 autu,
1139 4487 1331 4543 marsini
1354 4487 1562 4545 “criptis
1583 4486 1859 4536 teuoem=
1885 4481 2116 4532 moneo
2143 4477 2268 4527 ΧΠ.
