2817 4959
143 333 180 347 ,
685 268 1221 340 ANNALES
1295 271 1749 348 invitali
2207 276 2333 345 351'3

0 459 158 502 -οε
201 445 340 518 ipsa
363 443 599 517 supplet,
626 449 682 501 et
708 444 1031 518 biographus
1058 445 1398 508 wiboradae.
1462 447 1593 506 inde
1618 448 2005 507 Allemannlam
2032 450 2329 526 vastabunt,
2354 451 2422 524 Δ,
2443 452 2585 523 928,

0 538 88 590 >t
143 536 319 591 mira
346 534 570 592 andacia
617 534 803 591 Rheno
845 536 1177 607 transmisso,
1217 549 1318 606 per
1357 536 1635 594 Ellsatiam
1677 541 1735 595 et
1761 537 2090 596 Mosellanus
2131 542 2190 598 in
2235 556 2340 614 pa-

0 637 211 694 gum
244 636 429 693 usque
447 624 788 680 vennensem
826 626 946 682 sive
962 622 1303 693 Vungensem
1331 623 1588 681 caedibus
1614 625 1991 698 incendiisque
2010 633 2334 699 grassantur.

0 710 150 767 aab
191 711 453 780 Augusta
478 710 877 770 vindelicorum
904 711 1174 785 repulsos,
1207 712 1394 770 scribit
1422 712 1767 772 Ekkebardus
1791 716 1989 785 junior.
2052 717 2342 777 Wiborada

0 804 219 858 mne
266 800 417 871 apud
456 799 842 869 sangallenses
884 800 1098 858 reclusa
1143 806 1281 858 sext.
1322 800 1459 858 Non.
1499 802 1626 871 Maji
1668 803 1936 862 trucidata
1980 808 2082 862 est.
2166 805 2341 878 Pagus

0 889 404 947 Vota-zeusis
430 903 462 944 a
489 888 678 959 Vongo
706 890 996 963 municipio
1036 888 1125 946 vel
1167 895 1344 952 castro
1384 889 1454 946 ad
1491 892 1733 948 Axonam
1776 905 1973 954 nomen
2011 893 2192 968 babet,
2233 912 2341 967 qua

0 978 279 1035 Remis
311 978 382 1033 ad
411 978 659 1033 Treviros
687 978 807 1033 itur.
872 977 1005 1033 Cum
1045 976 1217 1034 abbas
1256 978 1614 1049 monachique
1639 979 2025 1049 sangallenses
2063 996 2192 1040 sese
2219 999 2339 1040 cum

0 1067 357 1139 pretiosis
395 1064 559 1123 rebus
599 1066 656 1122 in
698 1070 864 1124 tutum
905 1067 1225 1139 reciperent,
1269 1066 1559 1125 wiborada
1605 1068 1800 1126 cellam
1845 1069 2102 1128 deserere
2145 1072 2339 1129 noluit.

0 1155 261 1213 unito
302 1159 446 1226 post,
485 1154 748 1227 Notperto
787 1154 987 1213 abbate
1022 1157 1313 1228 annitente,
1357 1171 1477 1216 cum
1506 1155 1757 1214 Clemens
1785 1156 1856 1213 11.
1876 1145 2028 1229 'papa
2052 1159 2120 1216 ad
2149 1173 2342 1218 mona-

3 1245 322 1300 sterium
347 1245 606 1316 venisset,
632 1245 988 1300 innumerum
1019 1248 1304 1314 martyrum
1329 1244 1503 1302 relata
1522 1249 1623 1302 est.
1680 1244 2018 1317 Epitaphium
2047 1251 2173 1319 ejus
2198 1248 2337 1321 apud

5 1332 852 1402 uari-nnumbiographum
879 1332 1161 1404 aequalem
1192 1333 1306 1390 tale
1329 1332 1556 1403 legitur:

522 1419 692 1478 Anna
717 1423 1001 1490 naupactis
1024 1424 1217 1493 viqmti
1240 1425 1476 1495 quinque
1498 1424 1708 1495 volutis,

627 1509 755 1564 Post
779 1512 1018 1580 quantor
1042 1522 1253 1564 mmet
1278 1510 1689 1582 &quatuorve
1709 1513 1839 1583 ἀίω,

534 1596 842 1668 wiborada,
868 1597 984 1652 Deo
1009 1599 1218 1653 meritis
1243 1598 1557 1667 dignissim
1582 1603 1754 1672 virqo,

293 1753 306 1767 ι
630 1683 822 1741 Palma
847 1687 1106 1756 martyrii
1128 1687 1347 1741 scandit
1372 1686 1453 1741 ad
1474 1691 1632 1743 astra
1652 1690 1787 1757 pou.

33 1775 225 1834 Indo
266 1772 465 1843 Pagius
507 1786 623 1829 rem
662 1777 871 1842 gestam
910 1774 969 1828 in
1007 1787 1223 1829 annum.
1242 1774 1660 1846 praecedentem
1701 1772 1899 1833 retulit.
1963 1776 2074 1836 Sed
2115 1779 2341 1849 quatuor

36 1876 322 1923 nenses
347 1862 502 1919 anuis
529 1861 651 1918 92⁵.
680 1860 881 1918 volutis
907 1860 1159 1926 additijn
1185 1866 1530 1934 praesentem
1559 1862 1770 1920 cadunt.

232 1951 292 2009 9.
347 1949 488 2008 Casu
504 1950 756 2008 Burcardi
771 1938 1042 2006 viduatam
1061 1950 1201 2007 duce
1217 1950 1582 2009 Allemanniae
1610 1951 1942 2023 provinciam
1969 1951 2339 2024 Huugamrum

45 2041 379 2113 irruptioni
405 2041 574 2109 magis
604 2039 861 2111 patuisse,
905 2038 1165 2096 credibile
1194 2041 1297 2096 est.
1358 2038 1549 2110 ltaque
1585 2040 1866 2112 Henricus,
1905 2040 2069 2098 rebus
2108 2042 2176 2099 ad
2203 2056 2341 2113 sep-

43 2132 420 2188 tentrionem
448 2129 780 2200 compositis,
816 2141 1064 2197 magnum
1092 2130 1415 2186 conuentum
1444 2127 1999 2188 wormatiae-babuit.
2062 2128 2147 2185 Ibi
2175 2129 2341 2185 Heri-

49 2231 341 2288 mannus,
396 2217 488 2288 qui
527 2216 752 2273 viduam.
781 2216 931 2272 ducis
974 2216 1139 2291 duxit,
1182 2219 1352 2274 etiam
1382 2218 1446 2274 in
1482 2217 1678 2274 ducatu
1718 2219 2004 2290 successit,
2068 2215 2339 2274 Gebbatdi

54 2308 256 2378 filius,
283 2303 518 2362 Conradi
545 2307 691 2374 regis
720 2303 1093 2364 consobrinus.
1139 2306 1273 2364 Nam
1297 2308 1636 2366 continuator
1651 2307 1943 2379 Reginonis
1970 2304 2039 2362 ad
2060 2320 2109 2362 a.
2128 2306 2192 2363 D.
2214 2305 2339 2363 910.

61 2392 531 2453 Gebhardmab
561 2393 825 2464 Hungaris
853 2408 1074 2452 caesum
1109 2394 1251 2450 filios
1289 2394 1672 2454 Herimanuum
1698 2400 1755 2454 et
1781 2396 2023 2454 Udonem
2049 2394 2344 2466 reliquisse
2370 2427 2377 2434 ·

59 2483 286 2555 tradit3
329 2483 400 2540 de
427 2482 616 2541 Udone
653 2484 768 2540 illic
807 2487 1013 2551 actum3
1055 2482 1298 2541 Crusius·
1318 2475 1553 2541 tertium2
1574 2486 1722 2542 addit
1760 2483 1993 2541 fratrem,
2019 2482 2342 2556 conradum,

63 2571 705 2645 curciboldumcredo,
743 2572 1043 2638 intellexit3
1088 2571 1185 2628 sed
1214 2572 1264 2627 is
1288 2571 2141 2647 Eberhardo,.Gebba1-difratre,
2181 2575 2343 2629 natus
2432 2639 2438 2652 ⁵

63 2662 192 2720 tuit
234 2653 385 2719 teste
410 2661 601 2718 eodem
636 2662 1009 2719 continuatore
1033 2660 1328 2731 Reginonis
1370 2661 1441 2717 ad
1479 2676 1602 2718 ann.
1630 2661 1753 2734 948,
1780 2675 1904 2732 quo.
1928 2658 2079 2715 obiit.
2162 2658 2342 2716 Eber-

61 2750 305 2809 hardus
322 2764 371 2806 a.
392 2749 454 2806 1).
475 2749 595 2806 902.
624 2751 899 2807 ceciderat
926 2750 1065 2823 apud
1091 2751 1442 2820 Reginonem.
1493 2750 1737 2806 Crusium
1765 2747 2079 2818 sigebertus
2107 2748 2341 2820 decepit.

66 2839 268 2900 vidua
309 2838 561 2896 Burcardi
600 2838 898 2909 Regulinda
938 2839 1082 2895 dicta
1123 2843 1225 2910 est,
1267 2837 1712 2908 quemadmodum
1753 2852 1823 2893 ex
1862 2839 1977 2893 *ita
2015 2833 2344 2893 wiboradae

68 2930 376 2998 discimus,
416 2925 483 2983 ab
512 2926 840 2984 Hartmanno
881 2926 1227 2996 sangallensi
1261 2927 1480 2996 scripta.
1542 2924 1922 2981 Herimaunum
1962 2926 2179 2982 tertium
2220 2927 2341 2993 ejus

67 3020 351 3075 muitum.
374 3015 556 3072 fnisse
575 3022 823 3089 apparet?
840 3015 1260 3072 nam-Alaricum
1290 3013 1456 3070 tilium
1484 3013 1780 3082 Regulinda
1805 3012 2021 3081 babuit3
2066 3014 2160 3084 qui
2186 3013 2236 3069 si
2271 3025 2342 3068 ex

67 3104 368 3163 Bure-ndo
395 3109 552 3160 natus
579 3103 793 3176 fuisset,
818 3104 1135 3176 usedo,.non
1162 3102 1358 3157 fuisset
1381 3101 1588 3158 bonore
1615 3107 1839 3173 paterno
1865 3103 2122 3173 privatus.
2186 3101 2341 3157 Plura

72 3196 154 3252 de
183 3196 313 3265 ipso
336 3196 393 3248 et
411 3196 583 3250 matre
606 3192 936 3247 dicemus-ad
956 3190 1083 3248 a.1).
1098 3188 1219 3248 949.
1270 3189 1525 3262 Hungari,
1547 3187 1861 3254 Constantia
1888 3188 2087 3246 frustra
2114 3192 2341 3259 tentata,

71 3286 140 3341 in
170 3282 405 3351 Augiam
446 3282 610 3337 etiam
649 3281 980 3352 navigarunt,
1021 3292 1127 3336 nec
1166 3281 1469 3350 quicquam,
1512 3292 1614 3349 qua
1652 3277 1827 3335 aditus
1858 3278 2042 3350 furori,
2082 3280 2341 3335 intactum

73 3372 450 3440 reliquerunt.
511 3368 644 3425 Inde
679 3371 860 3426 omnia
897 3369 1101 3440 passim
1141 3372 1348 3425 terrore
1375 3365 1587 3436 etiuga
1627 3367 1917 3440 completa,
1958 3372 2016 3424 et
2041 3365 2340 3424 Remenses

73 3461 199 3534 ipsi
225 3461 538 3515 sanctorum
566 3460 788 3531 pignora
822 3459 878 3513 in
905 3456 1031 3514 loca
1055 3457 1338 3513 munitiora
1366 3454 1700 3513 transtulere.

235 3547 328 3604 10.
418 3547 740 3614 wiboradae
779 3547 921 3603 inter
963 3544 1208 3603 reclusas
1244 3543 1635 3602 celeberrimae
1676 3543 1932 3601 memoria
1966 3540 2113 3614 iacit,
2153 3545 2211 3598 ut
2239 3553 2342 3598 ex-

75 3648 304 3711 ponere
330 3649 531 3707 operae
556 3635 785 3708 pretium
811 3635 1086 3707 videatur„
1104 3648 1211 3705 quo
1239 3636 1348 3692 ritu
1375 3636 1519 3689 viros
1548 3632 1886 3690 foeminasve
1913 3633 1969 3686 in
1997 3630 2342 3687 monasteriis

78 3729 244 3783 certa
270 3727 420 3780 intes
442 3728 600 3795 septa
626 3723 951 3780 concludere
978 3737 1096 3780 mes
1127 3722 1318 3797 ruent„
1345 3724 1406 3780 ut
1431 3724 1487 3778 in
1515 3721 1801 3792 coenobio,
1838 3720 1892 3775 id
1922 3721 2009 3774 est
2040 3719 2340 3774 communis

80 3818 240 3872 vitae
267 3814 565 3885 gymnasio,
613 3817 794 3870 tamen
834 3814 1173 3870 eremitarum
1217 3812 1457 3884 speciem
1496 3811 1741 3867 induisse
1768 3808 2093 3879 viderentur,
2132 3820 2206 3864 ne
2226 3811 2342 3878 jam

79 3903 316 3960 deserta
361 3903 549 3973 quaeri
599 3915 736 3973 opus
781 3905 947 3959 esset.
1064 3900 1431 3958 solitariorum
1476 3898 1661 3955 talium
1704 3899 2006 3954 institutum
2052 3898 2110 3953 in
2152 3896 2342 3967 regula

80 3989 373 4050 Grimlaici
417 3989 691 4061 cujusdam
740 3990 881 4060 apud
925 3988 1272 4047 Habilionem
1317 3991 1401 4045 sic
1450 3987 1566 4044 iere
1611 3984 1949 4043 describitur.
2047 3984 2111 4042 In
2155 3999 2341 4042 eorum

78 4094 371 4140 numerum
398 4081 604 4153 passim
630 4076 1045 4135 admittebantur
1071 4083 1273 4136 tantum
1295 4080 1354 4150 ii,
1382 4076 1474 4148 qui
1494 4078 1551 4130 iu
1567 4077 1679 4131 vita
1698 4073 2038 4131 coenobitica
2057 4074 2341 4131 exercitati

81 4171 270 4241 eraut,
293 4170 511 4226 omnino
540 4167 608 4225 ad
636 4170 870 4224 mentem
893 4170 1074 4224 sancti
1098 4167 1381 4224 Benedicti
1406 4168 1461 4222 in
1490 4162 1713 4232 regulae
1737 4177 1872 4220 suae
1894 4166 2073 4234 capite
2100 4167 2149 4220 1.
2189 4162 2342 4219 Haec

81 4257 336 4316 reclusio
360 4272 469 4316 non
490 4257 654 4315 fiebat
681 4258 800 4313 sine
828 4256 1046 4314 licentia
1065 4258 1310 4328 episcopi
1339 4257 1431 4311 aut
1458 4252 1669 4310 abbatis
1688 4254 1907 4324 proprii,
1925 4256 2088 4323 atque
2107 4252 2341 4308 omnium

87 4346 321 4406 fratrum
363 4348 608 4416 ejusdem
649 4347 980 4417 monasterii,
1020 4348 1077 4401 in
1122 4359 1232 4415 quo
1275 4343 1420 4400 idem
1466 4342 1631 4404 stater
1674 4341 2034 4400 recludendus
2080 4340 2339 4396 educatus

91 4435 306 4504 [nemu
355 4449 462 4494 uec
500 4438 607 4494 uisi
649 4439 705 4495 in
742 4437 880 4508 ipsis
919 4433 1304 4494 coenobiorum
1345 4431 1871 4505 congregationibus,
1912 4445 2041 4496 non,
2063 4427 2340 4496 antonin
