<?xml version="1.0" encoding="UTF-8"?>
<!DOCTYPE html PUBLIC "-//W3C//DTD XHTML 1.0 Transitional//EN"
    "http://www.w3.org/TR/xhtml1/DTD/xhtml1-transitional.dtd">
<html xmlns="http://www.w3.org/1999/xhtml" xml:lang="en" lang="en">
 <head>
  <title>
</title>
<meta http-equiv="Content-Type" content="text/html;charset=utf-8" />
  <meta name='ocr-system' content='tesseract 3.04.00' />
  <meta name='ocr-capabilities' content='ocr_page ocr_carea ocr_par ocr_line ocrx_word'/>
</head>
<body>
  <div class='ocr_page' id='page_1' title='image "./godofrwilhleibn00pertgoog/godofrwilhleibn00pertgoog_0689.png"; bbox 0 0 2817 4959; ppageno 0'>
   <div class='ocr_carea' id='block_1_1' title="bbox 656 258 2308 335">
    <p class='ocr_par' dir='ltr' id='par_1_1' title="bbox 656 258 2308 335">
     <span class='ocr_line' id='line_1_1' title="bbox 656 258 2308 335; baseline 0.004 -8"><span class='ocrx_word' id='word_1_1' title='bbox 656 258 1190 330; x_wconf 75' lang='lat' dir='ltr'><strong>ANNALES</strong></span> <span class='ocrx_word' id='word_1_2' title='bbox 1261 263 1727 332; x_wconf 79' lang='lat' dir='ltr'><strong>IMPERII</strong></span> <span class='ocrx_word' id='word_1_3' title='bbox 2177 266 2308 335; x_wconf 78' lang='lat'><strong>659</strong></span> 
     </span>
    </p>
   </div>
   <div class='ocr_carea' id='block_1_2' title="bbox 30 433 2552 4411">
    <p class='ocr_par' dir='ltr' id='par_1_2' title="bbox 30 433 2552 3609">
     <span class='ocr_line' id='line_1_2' title="bbox 41 433 2552 511; baseline 0.001 -18"><span class='ocrx_word' id='word_1_4' title='bbox 41 435 101 493; x_wconf 84' lang='lat' dir='ltr'><strong>el</strong></span> <span class='ocrx_word' id='word_1_5' title='bbox 138 433 482 494; x_wconf 76' lang='lat' dir='ltr'><strong>Amoldum</strong></span> <span class='ocrx_word' id='word_1_6' title='bbox 510 435 817 494; x_wconf 74' lang='lat' dir='ltr'><strong>comitatum</strong></span> <span class='ocrx_word' id='word_1_7' title='bbox 844 434 1062 495; x_wconf 75' lang='lat' dir='ltr'><strong>Dacbau</strong></span> <span class='ocrx_word' id='word_1_8' title='bbox 1087 439 1146 495; x_wconf 91' lang='lat' dir='ltr'><strong>et</strong></span> <span class='ocrx_word' id='word_1_9' title='bbox 1170 436 1482 510; x_wconf 81' lang='lat' dir='ltr'><strong>Landsberg</strong></span> <span class='ocrx_word' id='word_1_10' title='bbox 1506 441 1797 510; x_wconf 86' lang='lat' dir='ltr'><strong>tenentem,</strong></span> <span class='ocrx_word' id='word_1_11' title='bbox 1834 439 1890 496; x_wconf 89' lang='lat' dir='ltr'><strong>et</strong></span> <span class='ocrx_word' id='word_1_12' title='bbox 1915 436 2216 496; x_wconf 85' lang='lat' dir='ltr'><strong>Conradum</strong></span> <span class='ocrx_word' id='word_1_13' title='bbox 2241 441 2298 497; x_wconf 87' lang='lat' dir='ltr'><strong>in</strong></span> <span class='ocrx_word' id='word_1_14' title='bbox 2323 438 2552 511; x_wconf 51' lang='grc' dir='ltr'><strong>ιθω.</strong></span> 
     </span>
     <span class='ocr_line' id='line_1_3' title="bbox 39 523 2306 603; baseline 0.003 -23"><span class='ocrx_word' id='word_1_15' title='bbox 39 523 275 582; x_wconf 74' lang='lat' dir='ltr'><strong>irueba</strong></span> <span class='ocrx_word' id='word_1_16' title='bbox 306 523 405 581; x_wconf 78' lang='lat' dir='ltr'><strong>vel</strong></span> <span class='ocrx_word' id='word_1_17' title='bbox 433 523 638 596; x_wconf 71' lang='lat' dir='ltr'><strong>Valeja.</strong></span> <span class='ocrx_word' id='word_1_18' title='bbox 709 524 818 581; x_wconf 86' lang='lat' dir='ltr'><strong>Sed</strong></span> <span class='ocrx_word' id='word_1_19' title='bbox 846 527 903 583; x_wconf 89' lang='lat' dir='ltr'><strong>in</strong></span> <span class='ocrx_word' id='word_1_20' title='bbox 928 524 1151 582; x_wconf 81' lang='lat' dir='ltr'><strong>historia</strong></span> <span class='ocrx_word' id='word_1_21' title='bbox 1180 527 1443 600; x_wconf 84' lang='lat' dir='ltr'><strong>diversus,</strong></span> <span class='ocrx_word' id='word_1_22' title='bbox 1487 529 1623 584; x_wconf 91' lang='lat' dir='ltr'><strong>duos</strong></span> <span class='ocrx_word' id='word_1_23' title='bbox 1664 529 1865 584; x_wconf 86' lang='lat' dir='ltr'><strong>tantum</strong></span> <span class='ocrx_word' id='word_1_24' title='bbox 1904 526 2068 585; x_wconf 80' lang='lat' dir='ltr'><strong>habet</strong></span> <span class='ocrx_word' id='word_1_25' title='bbox 2092 527 2306 603; x_wconf 80' lang='lat' dir='ltr'><strong>fratres,</strong></span> 
     </span>
     <span class='ocr_line' id='line_1_4' title="bbox 39 612 2306 690; baseline 0.002 -20"><span class='ocrx_word' id='word_1_26' title='bbox 39 619 324 672; x_wconf 62' lang='lat' dir='ltr'><strong>»ttonem</strong></span> <span class='ocrx_word' id='word_1_27' title='bbox 369 612 608 682; x_wconf 74' lang='lat' dir='ltr'><strong>Hazigae</strong></span> <span class='ocrx_word' id='word_1_28' title='bbox 647 614 891 670; x_wconf 87' lang='lat' dir='ltr'><strong>maritum</strong></span> <span class='ocrx_word' id='word_1_29' title='bbox 931 619 989 672; x_wconf 94' lang='lat' dir='ltr'><strong>et</strong></span> <span class='ocrx_word' id='word_1_30' title='bbox 1028 615 1355 686; x_wconf 81' lang='lat' dir='ltr'><strong>Amulphum</strong></span> <span class='ocrx_word' id='word_1_31' title='bbox 1397 618 1642 674; x_wconf 90' lang='lat' dir='ltr'><strong>maritum</strong></span> <span class='ocrx_word' id='word_1_32' title='bbox 1682 615 1958 690; x_wconf 84' lang='lat' dir='ltr'><strong>Beatrieis,</strong></span> <span class='ocrx_word' id='word_1_33' title='bbox 2000 630 2070 673; x_wconf 86' lang='lat' dir='ltr'><strong>ex</strong></span> <span class='ocrx_word' id='word_1_34' title='bbox 2110 630 2214 689; x_wconf 81' lang='lat' dir='ltr'><strong>qua</strong></span> <span class='ocrx_word' id='word_1_35' title='bbox 2251 619 2306 674; x_wconf 84' lang='lat' dir='ltr'><strong>ei</strong></span> 
     </span>
     <span class='ocr_line' id='line_1_5' title="bbox 39 701 2308 775; baseline 0.001 -16"><span class='ocrx_word' id='word_1_36' title='bbox 39 705 143 759; x_wconf 44' lang='lat' dir='ltr'><strong>anti</strong></span> <span class='ocrx_word' id='word_1_37' title='bbox 193 705 351 759; x_wconf 81' lang='lat' dir='ltr'><strong>sunt</strong></span> <span class='ocrx_word' id='word_1_38' title='bbox 390 701 517 758; x_wconf 85' lang='lat' dir='ltr'><strong>Otto</strong></span> <span class='ocrx_word' id='word_1_39' title='bbox 558 703 615 758; x_wconf 86' lang='lat' dir='ltr'><strong>in</strong></span> <span class='ocrx_word' id='word_1_40' title='bbox 645 703 829 769; x_wconf 78' lang='lat' dir='ltr'><strong>Valeja</strong></span> <span class='ocrx_word' id='word_1_41' title='bbox 857 705 913 759; x_wconf 90' lang='lat' dir='ltr'><strong>et</strong></span> <span class='ocrx_word' id='word_1_42' title='bbox 940 703 1216 761; x_wconf 85' lang='lat' dir='ltr'><strong>Conradus</strong></span> <span class='ocrx_word' id='word_1_43' title='bbox 1245 707 1301 761; x_wconf 90' lang='lat' dir='ltr'><strong>iu</strong></span> <span class='ocrx_word' id='word_1_44' title='bbox 1327 704 1580 760; x_wconf 78' lang='lat' dir='ltr'><strong>Dachau:</strong></span> <span class='ocrx_word' id='word_1_45' title='bbox 1622 704 1766 775; x_wconf 87' lang='lat' dir='ltr'><strong>quod</strong></span> <span class='ocrx_word' id='word_1_46' title='bbox 1806 704 1934 760; x_wconf 79' lang='lat' dir='ltr'><strong>mini</strong></span> <span class='ocrx_word' id='word_1_47' title='bbox 1959 704 2308 761; x_wconf 80' lang='lat' dir='ltr'><strong>verisimilius</strong></span> 
     </span>
     <span class='ocr_line' id='line_1_6' title="bbox 40 789 2307 865; baseline 0.002 -19"><span class='ocrx_word' id='word_1_48' title='bbox 40 791 286 862; x_wconf 71' lang='lat' dir='ltr'><strong>metor,</strong></span> <span class='ocrx_word' id='word_1_49' title='bbox 324 791 455 862; x_wconf 82' lang='lat' dir='ltr'><strong>quia</strong></span> <span class='ocrx_word' id='word_1_50' title='bbox 483 789 681 862; x_wconf 78' lang='lat' dir='ltr'><strong>alioqui</strong></span> <span class='ocrx_word' id='word_1_51' title='bbox 699 791 848 849; x_wconf 84' lang='lat' dir='ltr'><strong>nulla</strong></span> <span class='ocrx_word' id='word_1_52' title='bbox 865 791 1240 861; x_wconf 78' lang='lat' dir='ltr'><strong>Valejanorum</strong></span> <span class='ocrx_word' id='word_1_53' title='bbox 1260 795 1461 849; x_wconf 87' lang='lat' dir='ltr'><strong>mentio</strong></span> <span class='ocrx_word' id='word_1_54' title='bbox 1483 792 1637 850; x_wconf 78' lang='lat' dir='ltr'><strong>fleret</strong></span> <span class='ocrx_word' id='word_1_55' title='bbox 1663 795 1718 849; x_wconf 88' lang='lat' dir='ltr'><strong>in</strong></span> <span class='ocrx_word' id='word_1_56' title='bbox 1745 792 1891 850; x_wconf 83' lang='lat' dir='ltr'><strong>bulla</strong></span> <span class='ocrx_word' id='word_1_57' title='bbox 1911 791 2104 852; x_wconf 85' lang='lat' dir='ltr'><strong>Calixti</strong></span> <span class='ocrx_word' id='word_1_58' title='bbox 2131 807 2307 865; x_wconf 84' lang='lat' dir='ltr'><strong>papae</strong></span> 
     </span>
     <span class='ocr_line' id='line_1_7' title="bbox 37 877 2305 955; baseline 0.004 -24"><span class='ocrx_word' id='word_1_59' title='bbox 37 882 186 937; x_wconf 65' lang='lat' dir='ltr'><strong>drea</strong></span> <span class='ocrx_word' id='word_1_60' title='bbox 217 877 649 937; x_wconf 75' lang='lat' dir='ltr'><strong>translationem</strong></span> <span class='ocrx_word' id='word_1_61' title='bbox 676 880 1051 938; x_wconf 77' lang='lat' dir='ltr'><strong>monachorum</strong></span> <span class='ocrx_word' id='word_1_62' title='bbox 1089 883 1144 938; x_wconf 90' lang='lat' dir='ltr'><strong>in</strong></span> <span class='ocrx_word' id='word_1_63' title='bbox 1171 881 1427 955; x_wconf 83' lang='lat' dir='ltr'><strong>Schiram,</strong></span> <span class='ocrx_word' id='word_1_64' title='bbox 1472 896 1610 954; x_wconf 82' lang='lat' dir='ltr'><strong>quae</strong></span> <span class='ocrx_word' id='word_1_65' title='bbox 1637 882 1825 953; x_wconf 83' lang='lat' dir='ltr'><strong>utique</strong></span> <span class='ocrx_word' id='word_1_66' title='bbox 1851 883 2011 938; x_wconf 86' lang='lat' dir='ltr'><strong>etlam</strong></span> <span class='ocrx_word' id='word_1_67' title='bbox 2039 882 2109 938; x_wconf 78' lang='lat' dir='ltr'><strong>ad</strong></span> <span class='ocrx_word' id='word_1_68' title='bbox 2138 881 2305 940; x_wconf 83' lang='lat' dir='ltr'><strong>Vale-</strong></span> 
     </span>
     <span class='ocr_line' id='line_1_8' title="bbox 37 966 2307 1043; baseline 0 -16"><span class='ocrx_word' id='word_1_69' title='bbox 37 982 195 1027; x_wconf 83' lang='lat' dir='ltr'><strong>anos</strong></span> <span class='ocrx_word' id='word_1_70' title='bbox 229 966 573 1040; x_wconf 75' lang='lat' dir='ltr'><strong>pertinebat.</strong></span> <span class='ocrx_word' id='word_1_71' title='bbox 643 967 713 1026; x_wconf 75' lang='lat' dir='ltr'><strong>Et</strong></span> <span class='ocrx_word' id='word_1_72' title='bbox 738 968 912 1028; x_wconf 81' lang='lat' dir='ltr'><strong>firmat</strong></span> <span class='ocrx_word' id='word_1_73' title='bbox 937 973 1313 1043; x_wconf 76' lang='lat' dir='ltr'><strong>conjecturam,</strong></span> <span class='ocrx_word' id='word_1_74' title='bbox 1342 970 1486 1042; x_wconf 84' lang='lat' dir='ltr'><strong>quod</strong></span> <span class='ocrx_word' id='word_1_75' title='bbox 1513 972 1570 1027; x_wconf 87' lang='lat' dir='ltr'><strong>in</strong></span> <span class='ocrx_word' id='word_1_76' title='bbox 1593 968 1780 1027; x_wconf 85' lang='lat' dir='ltr'><strong>tabula</strong></span> <span class='ocrx_word' id='word_1_77' title='bbox 1806 982 2058 1027; x_wconf 84' lang='lat' dir='ltr'><strong>sermone</strong></span> <span class='ocrx_word' id='word_1_78' title='bbox 2080 970 2307 1029; x_wconf 79' lang='lat' dir='ltr'><strong>Germa-</strong></span> 
     </span>
     <span class='ocr_line' id='line_1_9' title="bbox 37 1056 2309 1132; baseline 0.001 -17"><span class='ocrx_word' id='word_1_79' title='bbox 37 1060 159 1116; x_wconf 65' lang='lat' dir='ltr'><strong>nico</strong></span> <span class='ocrx_word' id='word_1_80' title='bbox 202 1056 557 1128; x_wconf 75' lang='lat' dir='ltr'><strong>subannquo</strong></span> <span class='ocrx_word' id='word_1_81' title='bbox 593 1059 812 1131; x_wconf 80' lang='lat' dir='ltr'><strong>scripta,</strong></span> <span class='ocrx_word' id='word_1_82' title='bbox 848 1058 989 1130; x_wconf 83' lang='lat' dir='ltr'><strong>apud</strong></span> <span class='ocrx_word' id='word_1_83' title='bbox 1017 1057 1304 1115; x_wconf 80' lang='lat' dir='ltr'><strong>monachos</strong></span> <span class='ocrx_word' id='word_1_84' title='bbox 1333 1059 1652 1116; x_wconf 63' lang='lat' dir='ltr'><strong>Seffirenses</strong></span> <span class='ocrx_word' id='word_1_85' title='bbox 1687 1060 1744 1115; x_wconf 88' lang='lat' dir='ltr'><strong>in</strong></span> <span class='ocrx_word' id='word_1_86' title='bbox 1772 1057 1982 1130; x_wconf 86' lang='lat' dir='ltr'><strong>capella</strong></span> <span class='ocrx_word' id='word_1_87' title='bbox 2009 1061 2309 1132; x_wconf 80' lang='lat' dir='ltr'><strong>principum</strong></span> 
     </span>
     <span class='ocr_line' id='line_1_10' title="bbox 35 1144 2306 1221; baseline 0.002 -21"><span class='ocrx_word' id='word_1_88' title='bbox 35 1160 335 1219; x_wconf 64' lang='lat' dir='ltr'><strong>zuspensa</strong></span> <span class='ocrx_word' id='word_1_89' title='bbox 365 1161 400 1203; x_wconf 81' lang='lat' dir='ltr'><strong>a</strong></span> <span class='ocrx_word' id='word_1_90' title='bbox 427 1144 699 1217; x_wconf 78' lang='lat' dir='ltr'><strong>Stephano</strong></span> <span class='ocrx_word' id='word_1_91' title='bbox 729 1146 924 1204; x_wconf 74' lang='lat' dir='ltr'><strong>abbate</strong></span> <span class='ocrx_word' id='word_1_92' title='bbox 951 1146 1076 1219; x_wconf 83' lang='lat' dir='ltr'><strong>loci,</strong></span> <span class='ocrx_word' id='word_1_93' title='bbox 1097 1161 1217 1204; x_wconf 90' lang='lat' dir='ltr'><strong>cum</strong></span> <span class='ocrx_word' id='word_1_94' title='bbox 1248 1149 1372 1218; x_wconf 73' lang='lat' dir='ltr'><strong>aliis</strong></span> <span class='ocrx_word' id='word_1_95' title='bbox 1402 1148 1742 1204; x_wconf 76' lang='lat' dir='ltr'><strong>documentis</strong></span> <span class='ocrx_word' id='word_1_96' title='bbox 1769 1145 2016 1204; x_wconf 86' lang='lat' dir='ltr'><strong>Conrado</strong></span> <span class='ocrx_word' id='word_1_97' title='bbox 2045 1148 2306 1221; x_wconf 80' lang='lat' dir='ltr'><strong>subjecta,</strong></span> 
     </span>
     <span class='ocr_line' id='line_1_11' title="bbox 36 1234 2305 1309; baseline 0 -15"><span class='ocrx_word' id='word_1_98' title='bbox 36 1239 279 1306; x_wconf 78' lang='lat' dir='ltr'><strong>egitur:</strong></span> <span class='ocrx_word' id='word_1_99' title='bbox 342 1236 600 1293; x_wconf 74' lang='lat' dir='ltr'><strong>extinctis</strong></span> <span class='ocrx_word' id='word_1_100' title='bbox 643 1234 937 1309; x_wconf 79' lang='lat' dir='ltr'><strong>Valejanis,</strong></span> <span class='ocrx_word' id='word_1_101' title='bbox 982 1234 1124 1292; x_wconf 81' lang='lat' dir='ltr'><strong>bona</strong></span> <span class='ocrx_word' id='word_1_102' title='bbox 1168 1236 1237 1292; x_wconf 90' lang='lat' dir='ltr'><strong>ad</strong></span> <span class='ocrx_word' id='word_1_103' title='bbox 1281 1235 1682 1292; x_wconf 80' lang='lat' dir='ltr'><strong>Dachavienses</strong></span> <span class='ocrx_word' id='word_1_104' title='bbox 1729 1238 2063 1306; x_wconf 83' lang='lat' dir='ltr'><strong>pervenisse.</strong></span> <span class='ocrx_word' id='word_1_105' title='bbox 2153 1236 2305 1294; x_wconf 86' lang='lat' dir='ltr'><strong>Unde</strong></span> 
     </span>
     <span class='ocr_line' id='line_1_12' title="bbox 35 1322 2305 1396; baseline 0.001 -16"><span class='ocrx_word' id='word_1_106' title='bbox 35 1325 303 1396; x_wconf 70' lang='lat' dir='ltr'><strong>zonigas,</strong></span> <span class='ocrx_word' id='word_1_107' title='bbox 352 1326 638 1396; x_wconf 74' lang='lat' dir='ltr'><strong>propiores</strong></span> <span class='ocrx_word' id='word_1_108' title='bbox 677 1323 777 1379; x_wconf 76' lang='lat' dir='ltr'><strong>lios</strong></span> <span class='ocrx_word' id='word_1_109' title='bbox 805 1324 914 1379; x_wconf 87' lang='lat' dir='ltr'><strong>illis</strong></span> <span class='ocrx_word' id='word_1_110' title='bbox 942 1322 1130 1395; x_wconf 75' lang='lat' dir='ltr'><strong>fuisse,</strong></span> <span class='ocrx_word' id='word_1_111' title='bbox 1172 1338 1327 1394; x_wconf 82' lang='lat' dir='ltr'><strong>quam</strong></span> <span class='ocrx_word' id='word_1_112' title='bbox 1360 1322 1837 1395; x_wconf 81' lang='lat' dir='ltr'><strong>Witelsbacenses‚</strong></span> <span class='ocrx_word' id='word_1_113' title='bbox 1874 1323 2063 1380; x_wconf 85' lang='lat' dir='ltr'><strong>ambos</strong></span> <span class='ocrx_word' id='word_1_114' title='bbox 2090 1325 2305 1382; x_wconf 87' lang='lat' dir='ltr'><strong>scilicet</strong></span> 
     </span>
     <span class='ocr_line' id='line_1_13' title="bbox 35 1411 2302 1471; baseline -0 0"><span class='ocrx_word' id='word_1_115' title='bbox 35 1427 97 1471; x_wconf 70' lang='lat' dir='ltr'><strong>ix</strong></span> <span class='ocrx_word' id='word_1_116' title='bbox 125 1415 366 1471; x_wconf 77' lang='lat' dir='ltr'><strong>autoris</strong></span> <span class='ocrx_word' id='word_1_117' title='bbox 398 1411 904 1469; x_wconf 82' lang='lat' dir='ltr'><strong>Witelsbaceusinm</strong></span> <span class='ocrx_word' id='word_1_118' title='bbox 931 1411 1094 1469; x_wconf 75' lang='lat' dir='ltr'><strong>fratre</strong></span> <span class='ocrx_word' id='word_1_119' title='bbox 1121 1418 1286 1469; x_wconf 86' lang='lat' dir='ltr'><strong>ortos.</strong></span> <span class='ocrx_word' id='word_1_120' title='bbox 1361 1411 1685 1467; x_wconf 82' lang='lat' dir='ltr'><strong>Dachaviam</strong></span> <span class='ocrx_word' id='word_1_121' title='bbox 1711 1411 1904 1468; x_wconf 81' lang='lat' dir='ltr'><strong>Ambro</strong></span> <span class='ocrx_word' id='word_1_122' title='bbox 1932 1415 2104 1469; x_wconf 87' lang='lat' dir='ltr'><strong>amnis</strong></span> <span class='ocrx_word' id='word_1_123' title='bbox 2133 1412 2302 1470; x_wconf 85' lang='lat' dir='ltr'><strong>alluit.</strong></span> 
     </span>
     <span class='ocr_line' id='line_1_14' title="bbox 32 1499 2301 1573; baseline -0.001 -13"><span class='ocrx_word' id='word_1_124' title='bbox 32 1503 225 1560; x_wconf 79' lang='lat' dir='ltr'><strong>Gruba</strong></span> <span class='ocrx_word' id='word_1_125' title='bbox 256 1502 431 1558; x_wconf 75' lang='lat' dir='ltr'><strong>iocus</strong></span> <span class='ocrx_word' id='word_1_126' title='bbox 459 1499 559 1556; x_wconf 78' lang='lat' dir='ltr'><strong>fuit</strong></span> <span class='ocrx_word' id='word_1_127' title='bbox 586 1502 653 1557; x_wconf 87' lang='lat' dir='ltr'><strong>ad</strong></span> <span class='ocrx_word' id='word_1_128' title='bbox 682 1503 849 1572; x_wconf 83' lang='lat' dir='ltr'><strong>ripam</strong></span> <span class='ocrx_word' id='word_1_129' title='bbox 878 1503 1048 1557; x_wconf 79' lang='lat' dir='ltr'><strong>amnis</strong></span> <span class='ocrx_word' id='word_1_130' title='bbox 1075 1499 1338 1569; x_wconf 79' lang='lat' dir='ltr'><strong>Montiall,</strong></span> <span class='ocrx_word' id='word_1_131' title='bbox 1378 1501 1540 1569; x_wconf 87' lang='lat' dir='ltr'><strong>paulo</strong></span> <span class='ocrx_word' id='word_1_132' title='bbox 1582 1499 1719 1556; x_wconf 76' lang='lat' dir='ltr'><strong>infra</strong></span> <span class='ocrx_word' id='word_1_133' title='bbox 1759 1515 1936 1557; x_wconf 84' lang='lat' dir='ltr'><strong>arcem</strong></span> <span class='ocrx_word' id='word_1_134' title='bbox 1969 1501 2301 1573; x_wconf 76' lang='lat' dir='ltr'><strong>Abamsteiu,</strong></span> 
     </span>
     <span class='ocr_line' id='line_1_15' title="bbox 32 1587 2306 1664; baseline -0 -16"><span class='ocrx_word' id='word_1_135' title='bbox 32 1593 182 1664; x_wconf 66' lang='lat' dir='ltr'><strong>laod</strong></span> <span class='ocrx_word' id='word_1_136' title='bbox 214 1592 440 1647; x_wconf 84' lang='lat' dir='ltr'><strong>docent</strong></span> <span class='ocrx_word' id='word_1_137' title='bbox 462 1592 624 1646; x_wconf 83' lang='lat' dir='ltr'><strong>notae</strong></span> <span class='ocrx_word' id='word_1_138' title='bbox 652 1588 863 1646; x_wconf 82' lang='lat' dir='ltr'><strong>abbatis</strong></span> <span class='ocrx_word' id='word_1_139' title='bbox 895 1588 1154 1659; x_wconf 73' lang='lat' dir='ltr'><strong>Stephani</strong></span> <span class='ocrx_word' id='word_1_140' title='bbox 1194 1589 1262 1644; x_wconf 89' lang='lat' dir='ltr'><strong>ad</strong></span> <span class='ocrx_word' id='word_1_141' title='bbox 1302 1587 1496 1644; x_wconf 85' lang='lat' dir='ltr'><strong>librum</strong></span> <span class='ocrx_word' id='word_1_142' title='bbox 1526 1587 1775 1645; x_wconf 88' lang='lat' dir='ltr'><strong>Couradi.</strong></span> <span class='ocrx_word' id='word_1_143' title='bbox 1851 1589 2064 1647; x_wconf 81' lang='lat' dir='ltr'><strong>Grueba</strong></span> <span class='ocrx_word' id='word_1_144' title='bbox 2102 1590 2190 1661; x_wconf 87' lang='lat' dir='ltr'><strong>(id</strong></span> <span class='ocrx_word' id='word_1_145' title='bbox 2217 1593 2306 1647; x_wconf 85' lang='lat' dir='ltr'><strong>est</strong></span> 
     </span>
     <span class='ocr_line' id='line_1_16' title="bbox 32 1676 2303 1754; baseline -0.002 -16"><span class='ocrx_word' id='word_1_146' title='bbox 32 1681 224 1754; x_wconf 75' lang='lat' dir='ltr'><strong>fovea,</strong></span> <span class='ocrx_word' id='word_1_147' title='bbox 258 1679 532 1750; x_wconf 81' lang='lat' dir='ltr'><strong>antrum),</strong></span> <span class='ocrx_word' id='word_1_148' title='bbox 559 1676 748 1747; x_wconf 81' lang='lat' dir='ltr'><strong>Valeja</strong></span> <span class='ocrx_word' id='word_1_149' title='bbox 775 1680 833 1734; x_wconf 87' lang='lat' dir='ltr'><strong>et</strong></span> <span class='ocrx_word' id='word_1_150' title='bbox 860 1676 1103 1733; x_wconf 70' lang='lat' dir='ltr'><strong>Montfall</strong></span> <span class='ocrx_word' id='word_1_151' title='bbox 1130 1676 1216 1748; x_wconf 87' lang='lat' dir='ltr'><strong>(id</strong></span> <span class='ocrx_word' id='word_1_152' title='bbox 1242 1680 1327 1733; x_wconf 89' lang='lat' dir='ltr'><strong>est</strong></span> <span class='ocrx_word' id='word_1_153' title='bbox 1352 1678 1550 1733; x_wconf 86' lang='lat' dir='ltr'><strong>montis</strong></span> <span class='ocrx_word' id='word_1_154' title='bbox 1578 1676 1965 1748; x_wconf 84' lang='lat' dir='ltr'><strong>lapsus).idem</strong></span> <span class='ocrx_word' id='word_1_155' title='bbox 1994 1678 2303 1748; x_wconf 73' lang='lat' dir='ltr'><strong>teresigui-</strong></span> 
     </span>
     <span class='ocr_line' id='line_1_17' title="bbox 30 1766 2304 1840; baseline -0.001 -14"><span class='ocrx_word' id='word_1_156' title='bbox 30 1769 224 1826; x_wconf 82' lang='lat' dir='ltr'><strong>licant.</strong></span> <span class='ocrx_word' id='word_1_157' title='bbox 309 1766 597 1824; x_wconf 78' lang='lat' dir='ltr'><strong>Credibile</strong></span> <span class='ocrx_word' id='word_1_158' title='bbox 622 1770 764 1823; x_wconf 85' lang='lat' dir='ltr'><strong>enim</strong></span> <span class='ocrx_word' id='word_1_159' title='bbox 793 1769 894 1840; x_wconf 89' lang='lat' dir='ltr'><strong>est,</strong></span> <span class='ocrx_word' id='word_1_160' title='bbox 923 1766 1115 1824; x_wconf 78' lang='lat' dir='ltr'><strong>famam</strong></span> <span class='ocrx_word' id='word_1_161' title='bbox 1144 1766 1256 1823; x_wconf 89' lang='lat' dir='ltr'><strong>illic</strong></span> <span class='ocrx_word' id='word_1_162' title='bbox 1282 1768 1517 1836; x_wconf 73' lang='lat' dir='ltr'><strong>ingentis</strong></span> <span class='ocrx_word' id='word_1_163' title='bbox 1545 1766 1774 1836; x_wconf 79' lang='lat' dir='ltr'><strong>alicujus</strong></span> <span class='ocrx_word' id='word_1_164' title='bbox 1804 1769 1989 1824; x_wconf 86' lang='lat' dir='ltr'><strong>ruinae</strong></span> <span class='ocrx_word' id='word_1_165' title='bbox 2017 1768 2084 1824; x_wconf 90' lang='lat' dir='ltr'><strong>ad</strong></span> <span class='ocrx_word' id='word_1_166' title='bbox 2112 1771 2304 1838; x_wconf 87' lang='lat' dir='ltr'><strong>poste-</strong></span> 
     </span>
     <span class='ocr_line' id='line_1_18' title="bbox 30 1855 2304 1928; baseline -0.001 -13"><span class='ocrx_word' id='word_1_167' title='bbox 30 1874 127 1916; x_wconf 86' lang='lat' dir='ltr'><strong>ros</strong></span> <span class='ocrx_word' id='word_1_168' title='bbox 158 1857 424 1915; x_wconf 81' lang='lat' dir='ltr'><strong>venisse.</strong></span> <span class='ocrx_word' id='word_1_169' title='bbox 496 1855 634 1912; x_wconf 78' lang='lat' dir='ltr'><strong>Hinc</strong></span> <span class='ocrx_word' id='word_1_170' title='bbox 655 1858 766 1924; x_wconf 78' lang='lat' dir='ltr'><strong>jam</strong></span> <span class='ocrx_word' id='word_1_171' title='bbox 794 1858 906 1912; x_wconf 88' lang='lat' dir='ltr'><strong>tres</strong></span> <span class='ocrx_word' id='word_1_172' title='bbox 935 1857 1186 1911; x_wconf 87' lang='lat' dir='ltr'><strong>comitum</strong></span> <span class='ocrx_word' id='word_1_173' title='bbox 1214 1855 1393 1911; x_wconf 86' lang='lat' dir='ltr'><strong>lineae</strong></span> <span class='ocrx_word' id='word_1_174' title='bbox 1421 1858 1544 1911; x_wconf 85' lang='lat' dir='ltr'><strong>sant</strong></span> <span class='ocrx_word' id='word_1_175' title='bbox 1573 1860 1739 1928; x_wconf 87' lang='lat' dir='ltr'><strong>ortae,</strong></span> <span class='ocrx_word' id='word_1_176' title='bbox 1781 1856 1837 1912; x_wconf 89' lang='lat' dir='ltr'><strong>in</strong></span> <span class='ocrx_word' id='word_1_177' title='bbox 1865 1856 2051 1911; x_wconf 82' lang='lat' dir='ltr'><strong>Schira</strong></span> <span class='ocrx_word' id='word_1_178' title='bbox 2076 1860 2304 1927; x_wconf 85' lang='lat' dir='ltr'><strong>(postea</strong></span> 
     </span>
     <span class='ocr_line' id='line_1_19' title="bbox 30 1943 2303 2016; baseline -0.002 -11"><span class='ocrx_word' id='word_1_179' title='bbox 30 1945 449 2016; x_wconf 79' lang='lat' dir='ltr'><strong>witelsbaoo),</strong></span> <span class='ocrx_word' id='word_1_180' title='bbox 469 1946 523 2000; x_wconf 85' lang='lat' dir='ltr'><strong>in</strong></span> <span class='ocrx_word' id='word_1_181' title='bbox 543 1943 815 2001; x_wconf 77' lang='lat' dir='ltr'><strong>Dachavla</strong></span> <span class='ocrx_word' id='word_1_182' title='bbox 834 1948 891 2000; x_wconf 89' lang='lat' dir='ltr'><strong>et</strong></span> <span class='ocrx_word' id='word_1_183' title='bbox 906 1946 962 2001; x_wconf 88' lang='lat' dir='ltr'><strong>in</strong></span> <span class='ocrx_word' id='word_1_184' title='bbox 979 1944 1188 2016; x_wconf 76' lang='lat' dir='ltr'><strong>valeja3</strong></span> <span class='ocrx_word' id='word_1_185' title='bbox 1209 1948 1265 2000; x_wconf 91' lang='lat' dir='ltr'><strong>et</strong></span> <span class='ocrx_word' id='word_1_186' title='bbox 1281 1944 1420 2000; x_wconf 77' lang='lat' dir='ltr'><strong>sorte</strong></span> <span class='ocrx_word' id='word_1_187' title='bbox 1440 1958 1509 2001; x_wconf 85' lang='lat' dir='ltr'><strong>ex</strong></span> <span class='ocrx_word' id='word_1_188' title='bbox 1528 1945 1711 2016; x_wconf 75' lang='lat' dir='ltr'><strong>aliquo</strong></span> <span class='ocrx_word' id='word_1_189' title='bbox 1727 1944 1940 2001; x_wconf 88' lang='lat' dir='ltr'><strong>Ottouis</strong></span> <span class='ocrx_word' id='word_1_190' title='bbox 1960 1944 2047 2015; x_wconf 73' lang='grc' dir='ltr'><strong>η,</strong></span> <span class='ocrx_word' id='word_1_191' title='bbox 2060 1948 2248 2016; x_wconf 84' lang='lat' dir='ltr'><strong>patruo</strong></span> <span class='ocrx_word' id='word_1_192' title='bbox 2265 1945 2303 1982; x_wconf 66' lang='lat'><strong>¹*</strong></span> 
     </span>
     <span class='ocr_line' id='line_1_20' title="bbox 36 2032 2299 2105; baseline -0.003 -10"><span class='ocrx_word' id='word_1_193' title='bbox 36 2037 269 2095; x_wconf 81' lang='lat' dir='ltr'><strong>ottonis</strong></span> <span class='ocrx_word' id='word_1_194' title='bbox 315 2033 415 2090; x_wconf 88' lang='lat'>111.</span> <span class='ocrx_word' id='word_1_195' title='bbox 457 2035 693 2103; x_wconf 75' lang='lat' dir='ltr'><strong>Bazigae</strong></span> <span class='ocrx_word' id='word_1_196' title='bbox 732 2035 907 2090; x_wconf 87' lang='lat' dir='ltr'><strong>mariti</strong></span> <span class='ocrx_word' id='word_1_197' title='bbox 948 2032 1114 2089; x_wconf 75' lang='lat' dir='ltr'><strong>fratre</strong></span> <span class='ocrx_word' id='word_1_198' title='bbox 1153 2038 1340 2104; x_wconf 82' lang='lat' dir='ltr'><strong>quarta</strong></span> <span class='ocrx_word' id='word_1_199' title='bbox 1381 2036 1437 2089; x_wconf 89' lang='lat' dir='ltr'><strong>in</strong></span> <span class='ocrx_word' id='word_1_200' title='bbox 1478 2035 1781 2103; x_wconf 78' lang='lat' dir='ltr'><strong>Bargecka3</strong></span> <span class='ocrx_word' id='word_1_201' title='bbox 1830 2034 1897 2090; x_wconf 91' lang='lat' dir='ltr'><strong>de</strong></span> <span class='ocrx_word' id='word_1_202' title='bbox 1925 2032 2121 2105; x_wconf 79' lang='lat' dir='ltr'><strong>quibus</strong></span> <span class='ocrx_word' id='word_1_203' title='bbox 2161 2048 2299 2089; x_wconf 86' lang='lat' dir='ltr'><strong>mox.</strong></span> 
     </span>
     <span class='ocr_line' id='line_1_21' title="bbox 36 2120 2300 2195; baseline -0.001 -13"><span class='ocrx_word' id='word_1_204' title='bbox 36 2126 307 2183; x_wconf 87' lang='lat' dir='ltr'><strong>Conrado</strong></span> <span class='ocrx_word' id='word_1_205' title='bbox 338 2126 628 2195; x_wconf 71' lang='lat' dir='ltr'><strong>referente,</strong></span> <span class='ocrx_word' id='word_1_206' title='bbox 659 2122 797 2178; x_wconf 78' lang='lat' dir='ltr'><strong>fama</strong></span> <span class='ocrx_word' id='word_1_207' title='bbox 824 2120 1143 2193; x_wconf 81' lang='lat' dir='ltr'><strong>percrebuit,</strong></span> <span class='ocrx_word' id='word_1_208' title='bbox 1190 2126 1391 2177; x_wconf 85' lang='lat' dir='ltr'><strong>tantam</strong></span> <span class='ocrx_word' id='word_1_209' title='bbox 1419 2122 1653 2178; x_wconf 75' lang='lat' dir='ltr'><strong>virorum</strong></span> <span class='ocrx_word' id='word_1_210' title='bbox 1680 2123 1983 2179; x_wconf 87' lang='lat' dir='ltr'><strong>militarium</strong></span> <span class='ocrx_word' id='word_1_211' title='bbox 2014 2136 2083 2179; x_wconf 87' lang='lat' dir='ltr'><strong>ex</strong></span> <span class='ocrx_word' id='word_1_212' title='bbox 2110 2123 2300 2179; x_wconf 83' lang='lat' dir='ltr'><strong>eadem</strong></span> 
     </span>
     <span class='ocr_line' id='line_1_22' title="bbox 40 2201 2302 2285; baseline -0.003 -13"><span class='ocrx_word' id='word_1_213' title='bbox 40 2221 216 2285; x_wconf 80' lang='lat' dir='ltr'><strong>geute</strong></span> <span class='ocrx_word' id='word_1_214' title='bbox 258 2201 934 2283; x_wconf 77' lang='lat' dir='ltr'><strong>multitudinem&#39;enatam,</strong></span> <span class='ocrx_word' id='word_1_215' title='bbox 972 2213 1034 2267; x_wconf 84' lang='lat' dir='ltr'><strong>ut</strong></span> <span class='ocrx_word' id='word_1_216' title='bbox 1073 2212 1128 2267; x_wconf 87' lang='lat' dir='ltr'><strong>in</strong></span> <span class='ocrx_word' id='word_1_217' title='bbox 1167 2209 1308 2265; x_wconf 87' lang='lat' dir='ltr'><strong>ludis</strong></span> <span class='ocrx_word' id='word_1_218' title='bbox 1352 2209 1697 2281; x_wconf 71' lang='lat' dir='ltr'><strong>equestribus</strong></span> <span class='ocrx_word' id='word_1_219' title='bbox 1725 2226 1758 2267; x_wconf 87' lang='lat' dir='ltr'><strong>a</strong></span> <span class='ocrx_word' id='word_1_220' title='bbox 1789 2210 1966 2268; x_wconf 80' lang='lat' dir='ltr'><strong>Welso</strong></span> <span class='ocrx_word' id='word_1_221' title='bbox 1995 2213 2131 2267; x_wconf 86' lang='lat' dir='ltr'><strong>duce</strong></span> <span class='ocrx_word' id='word_1_222' title='bbox 2159 2210 2302 2281; x_wconf 85' lang='lat' dir='ltr'><strong>apud</strong></span> 
     </span>
     <span class='ocr_line' id='line_1_23' title="bbox 39 2297 2299 2372; baseline -0.002 -14"><span class='ocrx_word' id='word_1_223' title='bbox 39 2303 327 2372; x_wconf 74' lang='lat' dir='ltr'><strong>Tui-egum</strong></span> <span class='ocrx_word' id='word_1_224' title='bbox 358 2300 646 2357; x_wconf 83' lang='lat' dir='ltr'><strong>celebratis</strong></span> <span class='ocrx_word' id='word_1_225' title='bbox 676 2300 886 2369; x_wconf 77' lang='lat' dir='ltr'><strong>triginta</strong></span> <span class='ocrx_word' id='word_1_226' title='bbox 912 2300 1228 2355; x_wconf 80' lang='lat' dir='ltr'><strong>viserentur.</strong></span> <span class='ocrx_word' id='word_1_227' title='bbox 1294 2297 1497 2355; x_wconf 83' lang='lat' dir='ltr'><strong>Tabula</strong></span> <span class='ocrx_word' id='word_1_228' title='bbox 1521 2299 1830 2356; x_wconf 83' lang='lat' dir='ltr'><strong>Schirensis</strong></span> <span class='ocrx_word' id='word_1_229' title='bbox 1858 2298 2054 2357; x_wconf 77' lang='lat' dir='ltr'><strong>fratres</strong></span> <span class='ocrx_word' id='word_1_230' title='bbox 2080 2301 2299 2356; x_wconf 78' lang='lat' dir='ltr'><strong>autores</strong></span> 
     </span>
     <span class='ocr_line' id='line_1_24' title="bbox 42 2387 2297 2462; baseline -0.002 -14"><span class='ocrx_word' id='word_1_231' title='bbox 42 2394 323 2462; x_wconf 78' lang='lat' dir='ltr'><strong>stirpium,</strong></span> <span class='ocrx_word' id='word_1_232' title='bbox 366 2391 507 2446; x_wconf 84' lang='lat' dir='ltr'><strong>inter</strong></span> <span class='ocrx_word' id='word_1_233' title='bbox 535 2402 670 2461; x_wconf 86' lang='lat' dir='ltr'><strong>quos</strong></span> <span class='ocrx_word' id='word_1_234' title='bbox 702 2393 788 2445; x_wconf 85' lang='lat' dir='ltr'><strong>est</strong></span> <span class='ocrx_word' id='word_1_235' title='bbox 816 2387 953 2444; x_wconf 83' lang='lat' dir='ltr'><strong>Otto</strong></span> <span class='ocrx_word' id='word_1_236' title='bbox 970 2387 1207 2459; x_wconf 78' lang='lat' dir='ltr'><strong>flazigae</strong></span> <span class='ocrx_word' id='word_1_237' title='bbox 1248 2391 1483 2460; x_wconf 71' lang='lat' dir='ltr'><strong>marituS,</strong></span> <span class='ocrx_word' id='word_1_238' title='bbox 1524 2402 1632 2443; x_wconf 86' lang='lat' dir='ltr'><strong>non</strong></span> <span class='ocrx_word' id='word_1_239' title='bbox 1662 2388 1875 2460; x_wconf 81' lang='lat' dir='ltr'><strong>ottone,</strong></span> <span class='ocrx_word' id='word_1_240' title='bbox 1915 2388 2014 2445; x_wconf 84' lang='lat' dir='ltr'><strong>sed</strong></span> <span class='ocrx_word' id='word_1_241' title='bbox 2055 2387 2297 2443; x_wconf 75' lang='lat' dir='ltr'><strong>Eccardo</strong></span> 
     </span>
     <span class='ocr_line' id='line_1_25' title="bbox 45 2475 2298 2552; baseline 0 -18"><span class='ocrx_word' id='word_1_242' title='bbox 45 2480 292 2552; x_wconf 77' lang='lat' dir='ltr'><strong>quodam</strong></span> <span class='ocrx_word' id='word_1_243' title='bbox 332 2483 493 2533; x_wconf 84' lang='lat' dir='ltr'><strong>natos</strong></span> <span class='ocrx_word' id='word_1_244' title='bbox 536 2477 682 2534; x_wconf 81' lang='lat' dir='ltr'><strong>lacit.</strong></span> <span class='ocrx_word' id='word_1_245' title='bbox 752 2477 862 2533; x_wconf 86' lang='lat' dir='ltr'><strong>Sed</strong></span> <span class='ocrx_word' id='word_1_246' title='bbox 902 2477 1215 2535; x_wconf 78' lang='lat' dir='ltr'><strong>Aventinum</strong></span> <span class='ocrx_word' id='word_1_247' title='bbox 1257 2477 1414 2549; x_wconf 78' lang='lat' dir='ltr'><strong>sequi</strong></span> <span class='ocrx_word' id='word_1_248' title='bbox 1452 2476 1622 2544; x_wconf 85' lang='lat' dir='ltr'><strong>malo;</strong></span> <span class='ocrx_word' id='word_1_249' title='bbox 1664 2481 1818 2533; x_wconf 84' lang='lat' dir='ltr'><strong>autor</strong></span> <span class='ocrx_word' id='word_1_250' title='bbox 1847 2480 1988 2533; x_wconf 89' lang='lat' dir='ltr'><strong>enim</strong></span> <span class='ocrx_word' id='word_1_251' title='bbox 2017 2475 2237 2534; x_wconf 82' lang='lat' dir='ltr'><strong>tabulae</strong></span> <span class='ocrx_word' id='word_1_252' title='bbox 2265 2491 2298 2534; x_wconf 82' lang='lat' dir='ltr'><strong>a</strong></span> 
     </span>
     <span class='ocr_line' id='line_1_26' title="bbox 42 2563 2300 2636; baseline -0.001 -13"><span class='ocrx_word' id='word_1_253' title='bbox 42 2564 309 2623; x_wconf 84' lang='lat' dir='ltr'><strong>Conrado</strong></span> <span class='ocrx_word' id='word_1_254' title='bbox 343 2563 600 2618; x_wconf 83' lang='lat' dir='ltr'><strong>monacho</strong></span> <span class='ocrx_word' id='word_1_255' title='bbox 628 2578 738 2619; x_wconf 87' lang='lat' dir='ltr'><strong>nou</strong></span> <span class='ocrx_word' id='word_1_256' title='bbox 763 2564 908 2621; x_wconf 77' lang='lat' dir='ltr'><strong>bene</strong></span> <span class='ocrx_word' id='word_1_257' title='bbox 934 2567 1179 2635; x_wconf 82' lang='lat' dir='ltr'><strong>inspecto</strong></span> <span class='ocrx_word' id='word_1_258' title='bbox 1198 2566 1461 2634; x_wconf 83' lang='lat' dir='ltr'><strong>deceptus</strong></span> <span class='ocrx_word' id='word_1_259' title='bbox 1481 2565 1707 2636; x_wconf 83' lang='lat' dir='ltr'><strong>videtur,</strong></span> <span class='ocrx_word' id='word_1_260' title='bbox 1728 2569 1782 2619; x_wconf 85' lang='lat' dir='ltr'><strong>et</strong></span> <span class='ocrx_word' id='word_1_261' title='bbox 1802 2566 2036 2634; x_wconf 79' lang='lat' dir='ltr'><strong>Hazigae</strong></span> <span class='ocrx_word' id='word_1_262' title='bbox 2055 2567 2300 2621; x_wconf 73' lang='lat' dir='ltr'><strong>maritum</strong></span> 
     </span>
     <span class='ocr_line' id='line_1_27' title="bbox 47 2649 2298 2721; baseline -0.001 -11"><span class='ocrx_word' id='word_1_263' title='bbox 47 2667 175 2710; x_wconf 86' lang='lat' dir='ltr'><strong>cum</strong></span> <span class='ocrx_word' id='word_1_264' title='bbox 209 2649 415 2707; x_wconf 85' lang='lat' dir='ltr'><strong>Ottoae</strong></span> <span class='ocrx_word' id='word_1_265' title='bbox 444 2651 682 2721; x_wconf 90' lang='lat' dir='ltr'><strong>palatino</strong></span> <span class='ocrx_word' id='word_1_266' title='bbox 708 2654 939 2721; x_wconf 87' lang='lat' dir='ltr'><strong>(nepote</strong></span> <span class='ocrx_word' id='word_1_267' title='bbox 961 2655 1079 2719; x_wconf 62' lang='lat' dir='ltr'><strong>etus</strong></span> <span class='ocrx_word' id='word_1_268' title='bbox 1100 2665 1168 2708; x_wconf 84' lang='lat' dir='ltr'><strong>ex</strong></span> <span class='ocrx_word' id='word_1_269' title='bbox 1187 2651 1296 2706; x_wconf 84' lang='lat' dir='ltr'><strong>lilio</strong></span> <span class='ocrx_word' id='word_1_270' title='bbox 1316 2651 1592 2718; x_wconf 78' lang='lat' dir='ltr'><strong>Eccardo)</strong></span> <span class='ocrx_word' id='word_1_271' title='bbox 1617 2650 1951 2710; x_wconf 80' lang='lat' dir='ltr'><strong>confudisse.</strong></span> <span class='ocrx_word' id='word_1_272' title='bbox 2005 2652 2298 2708; x_wconf 76' lang='lat' dir='ltr'><strong>Amoldum</strong></span> 
     </span>
     <span class='ocr_line' id='line_1_28' title="bbox 45 2739 2300 2810; baseline -0.002 -10"><span class='ocrx_word' id='word_1_273' title='bbox 45 2741 345 2800; x_wconf 76' lang='lat' dir='ltr'><strong>conradus</strong></span> <span class='ocrx_word' id='word_1_274' title='bbox 374 2739 800 2810; x_wconf 82' lang='lat' dir='ltr'><strong>antiquissimum</strong></span> <span class='ocrx_word' id='word_1_275' title='bbox 827 2739 912 2808; x_wconf 85' lang='lat' dir='ltr'><strong>(id</strong></span> <span class='ocrx_word' id='word_1_276' title='bbox 933 2745 1017 2795; x_wconf 87' lang='lat' dir='ltr'><strong>est</strong></span> <span class='ocrx_word' id='word_1_277' title='bbox 1035 2740 1290 2809; x_wconf 83' lang='lat' dir='ltr'><strong>primum)</strong></span> <span class='ocrx_word' id='word_1_278' title='bbox 1313 2740 1756 2794; x_wconf 83' lang='lat' dir='ltr'><strong>Dachaviensium</strong></span> <span class='ocrx_word' id='word_1_279' title='bbox 1774 2743 1951 2795; x_wconf 75' lang='lat' dir='ltr'><strong>vocat.</strong></span> <span class='ocrx_word' id='word_1_280' title='bbox 2005 2741 2300 2797; x_wconf 77' lang='lat' dir='ltr'><strong>Antoritate</strong></span> 
     </span>
     <span class='ocr_line' id='line_1_29' title="bbox 50 2817 2297 2899; baseline -0.003 -11"><span class='ocrx_word' id='word_1_281' title='bbox 50 2829 241 2889; x_wconf 84' lang='lat' dir='ltr'><strong>bullae</strong></span> <span class='ocrx_word' id='word_1_282' title='bbox 291 2826 493 2884; x_wconf 71' lang='lat' dir='ltr'><strong>ealmi</strong></span> <span class='ocrx_word' id='word_1_283' title='bbox 537 2841 710 2899; x_wconf 82' lang='lat' dir='ltr'><strong>papae</strong></span> <span class='ocrx_word' id='word_1_284' title='bbox 751 2830 807 2884; x_wconf 92' lang='lat' dir='ltr'><strong>ei</strong></span> <span class='ocrx_word' id='word_1_285' title='bbox 846 2826 1146 2885; x_wconf 80' lang='lat' dir='ltr'><strong>tribuuntur</strong></span> <span class='ocrx_word' id='word_1_286' title='bbox 1187 2839 1257 2883; x_wconf 89' lang='lat' dir='ltr'><strong>ex</strong></span> <span class='ocrx_word' id='word_1_287' title='bbox 1299 2827 1545 2883; x_wconf 74' lang='lat' dir='ltr'><strong>Beati-tce</strong></span> <span class='ocrx_word' id='word_1_288' title='bbox 1589 2817 1698 2881; x_wconf 66' lang='lat' dir='ltr'><strong>tilii</strong></span> <span class='ocrx_word' id='word_1_289' title='bbox 1732 2825 2006 2883; x_wconf 78' lang='lat' dir='ltr'><strong>Conradus</strong></span> <span class='ocrx_word' id='word_1_290' title='bbox 2055 2832 2110 2885; x_wconf 88' lang='lat' dir='ltr'><strong>et</strong></span> <span class='ocrx_word' id='word_1_291' title='bbox 2151 2827 2297 2885; x_wconf 87' lang='lat' dir='ltr'><strong>Otto.</strong></span> 
     </span>
     <span class='ocr_line' id='line_1_30' title="bbox 51 2914 2298 2987; baseline -0.002 -10"><span class='ocrx_word' id='word_1_292' title='bbox 51 2919 315 2977; x_wconf 82' lang='lat' dir='ltr'><strong>ottonem</strong></span> <span class='ocrx_word' id='word_1_293' title='bbox 345 2917 588 2985; x_wconf 79' lang='lat' dir='ltr'><strong>Valejam</strong></span> <span class='ocrx_word' id='word_1_294' title='bbox 617 2918 902 2987; x_wconf 84' lang='lat' dir='ltr'><strong>accepisse</strong></span> <span class='ocrx_word' id='word_1_295' title='bbox 932 2915 1116 2987; x_wconf 79' lang='lat' dir='ltr'><strong>videri,</strong></span> <span class='ocrx_word' id='word_1_296' title='bbox 1151 2914 1396 2986; x_wconf 69' lang='lat' dir='ltr'><strong>mxime,</strong></span> <span class='ocrx_word' id='word_1_297' title='bbox 1440 2918 1592 2984; x_wconf 74' lang='lat' dir='ltr'><strong>cnjus</strong></span> <span class='ocrx_word' id='word_1_298' title='bbox 1621 2917 1911 2987; x_wconf 74' lang='lat' dir='ltr'><strong>posteritas</strong></span> <span class='ocrx_word' id='word_1_299' title='bbox 1936 2931 2044 2973; x_wconf 92' lang='lat' dir='ltr'><strong>non</strong></span> <span class='ocrx_word' id='word_1_300' title='bbox 2072 2917 2298 2973; x_wconf 81' lang='lat' dir='ltr'><strong>duravit.</strong></span> 
     </span>
     <span class='ocr_line' id='line_1_31' title="bbox 56 3002 2295 3076; baseline -0.002 -11"><span class='ocrx_word' id='word_1_301' title='bbox 56 3007 341 3065; x_wconf 80' lang='lat' dir='ltr'><strong>conradus</strong></span> <span class='ocrx_word' id='word_1_302' title='bbox 370 3004 618 3076; x_wconf 83' lang='lat' dir='ltr'><strong>Utildem,</strong></span> <span class='ocrx_word' id='word_1_303' title='bbox 642 3003 872 3061; x_wconf 78' lang='lat' dir='ltr'><strong>conradi</strong></span> <span class='ocrx_word' id='word_1_304' title='bbox 901 3003 1052 3059; x_wconf 87' lang='lat' dir='ltr'><strong>ducis</strong></span> <span class='ocrx_word' id='word_1_305' title='bbox 1079 3003 1349 3060; x_wconf 57' lang='lat' dir='ltr'><strong>meraniae</strong></span> <span class='ocrx_word' id='word_1_306' title='bbox 1370 3002 1549 3075; x_wconf 79' lang='lat' dir='ltr'><strong>filiam,</strong></span> <span class='ocrx_word' id='word_1_307' title='bbox 1579 3005 1749 3072; x_wconf 81' lang='lat' dir='ltr'><strong>duxit3</strong></span> <span class='ocrx_word' id='word_1_308' title='bbox 1790 3005 1933 3061; x_wconf 87' lang='lat' dir='ltr'><strong>unde</strong></span> <span class='ocrx_word' id='word_1_309' title='bbox 1958 3007 2072 3061; x_wconf 83' lang='lat' dir='ltr'><strong>nati</strong></span> <span class='ocrx_word' id='word_1_310' title='bbox 2095 3005 2295 3063; x_wconf 75' lang='lat' dir='ltr'><strong>Amul-</strong></span> 
     </span>
     <span class='ocr_line' id='line_1_32' title="bbox 55 3092 2297 3166; baseline -0 -15"><span class='ocrx_word' id='word_1_311' title='bbox 55 3095 143 3154; x_wconf 71' lang='lat' dir='ltr'><strong>ius</strong></span> <span class='ocrx_word' id='word_1_312' title='bbox 173 3107 365 3151; x_wconf 82' lang='lat' dir='ltr'><strong>comes</strong></span> <span class='ocrx_word' id='word_1_313' title='bbox 392 3093 793 3166; x_wconf 82' lang='lat' dir='ltr'><strong>Dacbaviensis,</strong></span> <span class='ocrx_word' id='word_1_314' title='bbox 836 3107 961 3150; x_wconf 81' lang='lat' dir='ltr'><strong>curn</strong></span> <span class='ocrx_word' id='word_1_315' title='bbox 981 3092 1249 3149; x_wconf 82' lang='lat' dir='ltr'><strong>Friderico</strong></span> <span class='ocrx_word' id='word_1_316' title='bbox 1275 3093 1313 3148; x_wconf 92' lang='lat' dir='ltr'><strong>l.</strong></span> <span class='ocrx_word' id='word_1_317' title='bbox 1345 3093 1668 3166; x_wconf 81' lang='lat' dir='ltr'><strong>imperatore</strong></span> <span class='ocrx_word' id='word_1_318' title='bbox 1701 3096 1754 3149; x_wconf 89' lang='lat' dir='ltr'><strong>in</strong></span> <span class='ocrx_word' id='word_1_319' title='bbox 1784 3093 1993 3150; x_wconf 83' lang='lat' dir='ltr'><strong>ltaliam</strong></span> <span class='ocrx_word' id='word_1_320' title='bbox 2020 3093 2297 3166; x_wconf 78' lang='lat' dir='ltr'><strong>profectus</strong></span> 
     </span>
     <span class='ocr_line' id='line_1_33' title="bbox 62 3181 2296 3254; baseline -0 -13"><span class='ocrx_word' id='word_1_321' title='bbox 62 3189 118 3241; x_wconf 85' lang='lat' dir='ltr'><strong>et</strong></span> <span class='ocrx_word' id='word_1_322' title='bbox 161 3187 218 3240; x_wconf 87' lang='lat' dir='ltr'><strong>in</strong></span> <span class='ocrx_word' id='word_1_323' title='bbox 267 3183 616 3254; x_wconf 77' lang='lat' dir='ltr'><strong>expeditione</strong></span> <span class='ocrx_word' id='word_1_324' title='bbox 660 3181 1059 3238; x_wconf 66' lang='lat' dir='ltr'><strong>Mediolanensi</strong></span> <span class='ocrx_word' id='word_1_325' title='bbox 1104 3182 1402 3254; x_wconf 80' lang='lat' dir='ltr'><strong>defunctus,</strong></span> <span class='ocrx_word' id='word_1_326' title='bbox 1456 3188 1512 3239; x_wconf 89' lang='lat' dir='ltr'><strong>et</strong></span> <span class='ocrx_word' id='word_1_327' title='bbox 1553 3181 1828 3239; x_wconf 82' lang='lat' dir='ltr'><strong>Conradas</strong></span> <span class='ocrx_word' id='word_1_328' title='bbox 1872 3183 1979 3239; x_wconf 88' lang='lat' dir='ltr'><strong>dux</strong></span> <span class='ocrx_word' id='word_1_329' title='bbox 2022 3182 2296 3240; x_wconf 66' lang='lat' dir='ltr'><strong>meraniae</strong></span> 
     </span>
     <span class='ocr_line' id='line_1_34' title="bbox 58 3269 2295 3345; baseline -0.001 -16"><span class='ocrx_word' id='word_1_330' title='bbox 58 3271 393 3345; x_wconf 86' lang='lat' dir='ltr'><strong>(Dalmatiae</strong></span> <span class='ocrx_word' id='word_1_331' title='bbox 420 3275 578 3329; x_wconf 77' lang='lat' dir='ltr'><strong>vocat</strong></span> <span class='ocrx_word' id='word_1_332' title='bbox 605 3270 883 3328; x_wconf 79' lang='lat' dir='ltr'><strong>conradus</strong></span> <span class='ocrx_word' id='word_1_333' title='bbox 920 3269 1256 3342; x_wconf 78' lang='lat' dir='ltr'><strong>monachus),</strong></span> <span class='ocrx_word' id='word_1_334' title='bbox 1298 3272 1389 3342; x_wconf 79' lang='lat' dir='ltr'><strong>qui</strong></span> <span class='ocrx_word' id='word_1_335' title='bbox 1431 3285 1478 3327; x_wconf 89' lang='lat' dir='ltr'><strong>a.</strong></span> <span class='ocrx_word' id='word_1_336' title='bbox 1506 3270 1569 3327; x_wconf 86' lang='lat' dir='ltr'><strong>D.</strong></span> <span class='ocrx_word' id='word_1_337' title='bbox 1602 3272 1741 3327; x_wconf 75' lang='lat'>¹1⁵8</span> <span class='ocrx_word' id='word_1_338' title='bbox 1780 3272 2027 3343; x_wconf 77' lang='lat' dir='ltr'><strong>Bergomi</strong></span> <span class='ocrx_word' id='word_1_339' title='bbox 2054 3273 2168 3328; x_wconf 78' lang='lat' dir='ltr'><strong>vita</strong></span> <span class='ocrx_word' id='word_1_340' title='bbox 2192 3272 2295 3327; x_wconf 83' lang='lat' dir='ltr'><strong>ile·</strong></span> 
     </span>
     <span class='ocr_line' id='line_1_35' title="bbox 66 3358 2294 3435; baseline 0 -17"><span class='ocrx_word' id='word_1_341' title='bbox 66 3366 248 3435; x_wconf 79' lang='lat' dir='ltr'><strong>cessit,</strong></span> <span class='ocrx_word' id='word_1_342' title='bbox 274 3361 467 3417; x_wconf 87' lang='lat' dir='ltr'><strong>relicto</strong></span> <span class='ocrx_word' id='word_1_343' title='bbox 487 3360 730 3418; x_wconf 89' lang='lat' dir='ltr'><strong>Conrado</strong></span> <span class='ocrx_word' id='word_1_344' title='bbox 759 3373 954 3431; x_wconf 83' lang='lat' dir='ltr'><strong>puero;</strong></span> <span class='ocrx_word' id='word_1_345' title='bbox 982 3371 1089 3429; x_wconf 76' lang='lat' dir='ltr'><strong>quo</strong></span> <span class='ocrx_word' id='word_1_346' title='bbox 1116 3364 1242 3416; x_wconf 90' lang='lat' dir='ltr'><strong>ante</strong></span> <span class='ocrx_word' id='word_1_347' title='bbox 1260 3358 1597 3429; x_wconf 80' lang='lat' dir='ltr'><strong>pubertatem</strong></span> <span class='ocrx_word' id='word_1_348' title='bbox 1617 3359 1886 3432; x_wconf 77' lang='lat' dir='ltr'><strong>defuncto,</strong></span> <span class='ocrx_word' id='word_1_349' title='bbox 1906 3360 2294 3418; x_wconf 74' lang='lat' dir='ltr'><strong>haereditatem</strong></span> 
     </span>
     <span class='ocr_line' id='line_1_36' title="bbox 64 3448 2295 3521; baseline -0.001 -14"><span class='ocrx_word' id='word_1_350' title='bbox 64 3452 488 3510; x_wconf 75' lang='lat' dir='ltr'><strong>Dachaviens‘em</strong></span> <span class='ocrx_word' id='word_1_351' title='bbox 528 3449 806 3521; x_wconf 78' lang='lat' dir='ltr'><strong>(Conrado</strong></span> <span class='ocrx_word' id='word_1_352' title='bbox 848 3448 1207 3517; x_wconf 74' lang='lat' dir='ltr'><strong>memorante)</strong></span> <span class='ocrx_word' id='word_1_353' title='bbox 1247 3448 1416 3505; x_wconf 76' lang='lat' dir='ltr'><strong>fertur</strong></span> <span class='ocrx_word' id='word_1_354' title='bbox 1452 3449 1577 3506; x_wconf 85' lang='lat' dir='ltr'><strong>Otto</strong></span> <span class='ocrx_word' id='word_1_355' title='bbox 1619 3449 1724 3506; x_wconf 84' lang='lat' dir='ltr'><strong>dux</strong></span> <span class='ocrx_word' id='word_1_356' title='bbox 1764 3450 2030 3507; x_wconf 65' lang='lat' dir='ltr'><strong>Bavaride</strong></span> <span class='ocrx_word' id='word_1_357' title='bbox 2064 3451 2295 3520; x_wconf 73' lang='lat' dir='ltr'><strong>pecunia</strong></span> 
     </span>
     <span class='ocr_line' id='line_1_37' title="bbox 68 3537 1519 3609; baseline -0.002 -14"><span class='ocrx_word' id='word_1_358' title='bbox 68 3543 258 3599; x_wconf 74' lang='lat' dir='ltr'><strong>viduae</strong></span> <span class='ocrx_word' id='word_1_359' title='bbox 285 3540 456 3609; x_wconf 76' lang='lat' dir='ltr'><strong>ducis,</strong></span> <span class='ocrx_word' id='word_1_360' title='bbox 484 3538 641 3595; x_wconf 87' lang='lat' dir='ltr'><strong>alteri</strong></span> <span class='ocrx_word' id='word_1_361' title='bbox 667 3537 913 3594; x_wconf 77' lang='lat' dir='ltr'><strong>Udahildi</strong></span> <span class='ocrx_word' id='word_1_362' title='bbox 938 3543 1231 3608; x_wconf 85' lang='lat' dir='ltr'><strong>numerata,</strong></span> <span class='ocrx_word' id='word_1_363' title='bbox 1260 3540 1519 3594; x_wconf 80' lang='lat' dir='ltr'><strong>crevisse.</strong></span> 
     </span>
    </p>

    <p class='ocr_par' dir='ltr' id='par_1_3' title="bbox 72 3625 2295 4411">
     <span class='ocr_line' id='line_1_38' title="bbox 205 3625 2295 3685; baseline -0.002 0"><span class='ocrx_word' id='word_1_364' title='bbox 205 3629 292 3685; x_wconf 80' lang='grc'><strong>32.</strong></span> <span class='ocrx_word' id='word_1_365' title='bbox 362 3627 471 3684; x_wconf 90' lang='lat' dir='ltr'><strong>Sed</strong></span> <span class='ocrx_word' id='word_1_366' title='bbox 512 3628 579 3684; x_wconf 78' lang='lat' dir='ltr'><strong>ad</strong></span> <span class='ocrx_word' id='word_1_367' title='bbox 620 3628 960 3684; x_wconf 84' lang='lat' dir='ltr'><strong>Schirensem</strong></span> <span class='ocrx_word' id='word_1_368' title='bbox 1003 3628 1201 3683; x_wconf 87' lang='lat' dir='ltr'><strong>lineam</strong></span> <span class='ocrx_word' id='word_1_369' title='bbox 1243 3627 1555 3684; x_wconf 82' lang='lat' dir='ltr'><strong>redeamus:</strong></span> <span class='ocrx_word' id='word_1_370' title='bbox 1607 3626 1733 3683; x_wconf 83' lang='lat' dir='ltr'><strong>Otto</strong></span> <span class='ocrx_word' id='word_1_371' title='bbox 1770 3627 1867 3684; x_wconf 83' lang='lat' dir='ltr'><strong>m.</strong></span> <span class='ocrx_word' id='word_1_372' title='bbox 1896 3639 2116 3683; x_wconf 83' lang='lat' dir='ltr'><strong>uxorem</strong></span> <span class='ocrx_word' id='word_1_373' title='bbox 2145 3625 2295 3681; x_wconf 74' lang='lat' dir='ltr'><strong>duxit</strong></span> 
     </span>
     <span class='ocr_line' id='line_1_39' title="bbox 72 3714 2292 3790; baseline -0.001 -19"><span class='ocrx_word' id='word_1_374' title='bbox 72 3717 333 3790; x_wconf 76' lang='lat' dir='ltr'><strong>llazigam,</strong></span> <span class='ocrx_word' id='word_1_375' title='bbox 375 3716 519 3788; x_wconf 82' lang='lat' dir='ltr'><strong>quod</strong></span> <span class='ocrx_word' id='word_1_376' title='bbox 556 3718 878 3788; x_wconf 84' lang='lat' dir='ltr'><strong>interpretor</strong></span> <span class='ocrx_word' id='word_1_377' title='bbox 916 3715 1247 3787; x_wconf 74' lang='lat' dir='ltr'><strong>liedwigem,</strong></span> <span class='ocrx_word' id='word_1_378' title='bbox 1291 3723 1445 3772; x_wconf 80' lang='lat' dir='ltr'><strong>etex</strong></span> <span class='ocrx_word' id='word_1_379' title='bbox 1472 3729 1542 3771; x_wconf 87' lang='lat' dir='ltr'><strong>ea</strong></span> <span class='ocrx_word' id='word_1_380' title='bbox 1579 3714 1764 3770; x_wconf 81' lang='lat' dir='ltr'><strong>hahuit</strong></span> <span class='ocrx_word' id='word_1_381' title='bbox 1801 3714 1942 3770; x_wconf 83' lang='lat' dir='ltr'><strong>filios</strong></span> <span class='ocrx_word' id='word_1_382' title='bbox 1983 3714 2292 3786; x_wconf 85' lang='lat' dir='ltr'><strong>Eccardum,</strong></span> 
     </span>
     <span class='ocr_line' id='line_1_40' title="bbox 74 3801 2294 3878; baseline -0.003 -14"><span class='ocrx_word' id='word_1_383' title='bbox 74 3803 401 3878; x_wconf 78' lang='lat' dir='ltr'><strong>Bet-nardum,</strong></span> <span class='ocrx_word' id='word_1_384' title='bbox 443 3805 694 3863; x_wconf 80' lang='lat' dir='ltr'><strong>ottonem</strong></span> <span class='ocrx_word' id='word_1_385' title='bbox 734 3805 824 3878; x_wconf 78' lang='lat' dir='ltr'><strong>lv,</strong></span> <span class='ocrx_word' id='word_1_386' title='bbox 869 3819 975 3875; x_wconf 88' lang='lat' dir='ltr'><strong>quo</strong></span> <span class='ocrx_word' id='word_1_387' title='bbox 1010 3803 1092 3860; x_wconf 84' lang='lat' dir='ltr'><strong>flli</strong></span> <span class='ocrx_word' id='word_1_388' title='bbox 1119 3807 1307 3861; x_wconf 88' lang='lat' dir='ltr'><strong>ordine</strong></span> <span class='ocrx_word' id='word_1_389' title='bbox 1348 3809 1697 3861; x_wconf 82' lang='lat' dir='ltr'><strong>recensentur</strong></span> <span class='ocrx_word' id='word_1_390' title='bbox 1739 3806 1796 3859; x_wconf 85' lang='lat' dir='ltr'><strong>in</strong></span> <span class='ocrx_word' id='word_1_391' title='bbox 1837 3802 1984 3860; x_wconf 81' lang='lat' dir='ltr'><strong>bulla</strong></span> <span class='ocrx_word' id='word_1_392' title='bbox 2018 3801 2294 3859; x_wconf 79' lang='lat' dir='ltr'><strong>Paschalis</strong></span> 
     </span>
     <span class='ocr_line' id='line_1_41' title="bbox 76 3890 2292 3965; baseline -0.001 -16"><span class='ocrx_word' id='word_1_393' title='bbox 76 3907 237 3964; x_wconf 79' lang='lat' dir='ltr'><strong>papae</strong></span> <span class='ocrx_word' id='word_1_394' title='bbox 264 3909 311 3951; x_wconf 87' lang='lat' dir='ltr'><strong>a.</strong></span> <span class='ocrx_word' id='word_1_395' title='bbox 330 3894 393 3950; x_wconf 83' lang='lat'><strong>1).</strong></span> <span class='ocrx_word' id='word_1_396' title='bbox 417 3895 569 3951; x_wconf 83' lang='grc'>1003.</span> <span class='ocrx_word' id='word_1_397' title='bbox 643 3894 805 3951; x_wconf 84' lang='lat' dir='ltr'><strong>Porro</strong></span> <span class='ocrx_word' id='word_1_398' title='bbox 832 3896 886 3950; x_wconf 85' lang='lat' dir='ltr'><strong>in</strong></span> <span class='ocrx_word' id='word_1_399' title='bbox 915 3893 1068 3964; x_wconf 74' lang='lat' dir='ltr'><strong>sylva</strong></span> <span class='ocrx_word' id='word_1_400' title='bbox 1094 3892 1363 3950; x_wconf 84' lang='lat' dir='ltr'><strong>montibus</strong></span> <span class='ocrx_word' id='word_1_401' title='bbox 1391 3908 1585 3965; x_wconf 85' lang='lat' dir='ltr'><strong>aspera</strong></span> <span class='ocrx_word' id='word_1_402' title='bbox 1612 3895 1750 3948; x_wconf 88' lang='lat' dir='ltr'><strong>inter</strong></span> <span class='ocrx_word' id='word_1_403' title='bbox 1769 3890 1976 3949; x_wconf 82' lang='lat' dir='ltr'><strong>Ocnum</strong></span> <span class='ocrx_word' id='word_1_404' title='bbox 2000 3892 2292 3965; x_wconf 64' lang='lat' dir='ltr'><strong>ethera-1,</strong></span> 
     </span>
     <span class='ocr_line' id='line_1_42' title="bbox 78 3981 2295 4054; baseline 0.001 -18"><span class='ocrx_word' id='word_1_405' title='bbox 78 3993 179 4041; x_wconf 84' lang='lat' dir='ltr'><strong>non</strong></span> <span class='ocrx_word' id='word_1_406' title='bbox 221 3984 405 4053; x_wconf 85' lang='lat' dir='ltr'><strong>procul</strong></span> <span class='ocrx_word' id='word_1_407' title='bbox 456 3983 708 4054; x_wconf 78' lang='lat' dir='ltr'><strong>willinga</strong></span> <span class='ocrx_word' id='word_1_408' title='bbox 757 3988 816 4040; x_wconf 92' lang='lat' dir='ltr'><strong>et</strong></span> <span class='ocrx_word' id='word_1_409' title='bbox 861 3983 1033 4039; x_wconf 81' lang='lat' dir='ltr'><strong>rivulo</strong></span> <span class='ocrx_word' id='word_1_410' title='bbox 1072 3981 1467 4039; x_wconf 70' lang='lat' dir='ltr'><strong>Dizentenbacl»</strong></span> <span class='ocrx_word' id='word_1_411' title='bbox 1521 3984 1782 4039; x_wconf 86' lang='lat' dir='ltr'><strong>eremitae</strong></span> <span class='ocrx_word' id='word_1_412' title='bbox 1830 3981 2041 4052; x_wconf 82' lang='lat' dir='ltr'><strong>quidam</strong></span> <span class='ocrx_word' id='word_1_413' title='bbox 2092 3981 2295 4051; x_wconf 83' lang='lat' dir='ltr'><strong>degere</strong></span> 
     </span>
     <span class='ocr_line' id='line_1_43' title="bbox 78 4069 2289 4144; baseline 0 -20"><span class='ocrx_word' id='word_1_414' title='bbox 78 4080 384 4144; x_wconf 77' lang='lat' dir='ltr'><strong>coeperant3</strong></span> <span class='ocrx_word' id='word_1_415' title='bbox 430 4071 625 4144; x_wconf 82' lang='lat' dir='ltr'><strong>quibus</strong></span> <span class='ocrx_word' id='word_1_416' title='bbox 655 4087 774 4129; x_wconf 86' lang='lat' dir='ltr'><strong>cum</strong></span> <span class='ocrx_word' id='word_1_417' title='bbox 801 4085 867 4128; x_wconf 83' lang='lat' dir='ltr'><strong>se</strong></span> <span class='ocrx_word' id='word_1_418' title='bbox 906 4071 1000 4128; x_wconf 86' lang='lat' dir='ltr'><strong>alii</strong></span> <span class='ocrx_word' id='word_1_419' title='bbox 1040 4072 1430 4143; x_wconf 76' lang='lat' dir='ltr'><strong>adjunxissent,</strong></span> <span class='ocrx_word' id='word_1_420' title='bbox 1467 4071 1669 4139; x_wconf 73' lang='lat' dir='ltr'><strong>Haziga</strong></span> <span class='ocrx_word' id='word_1_421' title='bbox 1695 4071 1751 4127; x_wconf 88' lang='lat' dir='ltr'><strong>in</strong></span> <span class='ocrx_word' id='word_1_422' title='bbox 1779 4082 1875 4126; x_wconf 84' lang='lat' dir='ltr'><strong>eos</strong></span> <span class='ocrx_word' id='word_1_423' title='bbox 1904 4069 2145 4127; x_wconf 82' lang='lat' dir='ltr'><strong>liberalis</strong></span> <span class='ocrx_word' id='word_1_424' title='bbox 2174 4069 2289 4141; x_wconf 79' lang='lat' dir='ltr'><strong>suit,</strong></span> 
     </span>
     <span class='ocr_line' id='line_1_44' title="bbox 83 4157 2293 4231; baseline -0 -16"><span class='ocrx_word' id='word_1_425' title='bbox 83 4157 261 4217; x_wconf 80' lang='lat' dir='ltr'><strong>deinde</strong></span> <span class='ocrx_word' id='word_1_426' title='bbox 298 4161 566 4218; x_wconf 83' lang='lat' dir='ltr'><strong>transtulit</strong></span> <span class='ocrx_word' id='word_1_427' title='bbox 606 4162 1074 4231; x_wconf 73' lang='lat' dir='ltr'><strong>congregationem</strong></span> <span class='ocrx_word' id='word_1_428' title='bbox 1114 4163 1169 4218; x_wconf 90' lang='lat' dir='ltr'><strong>in</strong></span> <span class='ocrx_word' id='word_1_429' title='bbox 1201 4159 1505 4230; x_wconf 81' lang='lat' dir='ltr'><strong>Visbacum,</strong></span> <span class='ocrx_word' id='word_1_430' title='bbox 1548 4172 1706 4230; x_wconf 80' lang='lat' dir='ltr'><strong>quem</strong></span> <span class='ocrx_word' id='word_1_431' title='bbox 1748 4158 1941 4231; x_wconf 85' lang='lat' dir='ltr'><strong>locum,</strong></span> <span class='ocrx_word' id='word_1_432' title='bbox 1983 4158 2128 4214; x_wconf 79' lang='lat' dir='ltr'><strong>facta</strong></span> <span class='ocrx_word' id='word_1_433' title='bbox 2159 4171 2293 4230; x_wconf 85' lang='lat' dir='ltr'><strong>per-</strong></span> 
     </span>
     <span class='ocr_line' id='line_1_45' title="bbox 83 4247 2292 4322; baseline 0.001 -21"><span class='ocrx_word' id='word_1_434' title='bbox 83 4251 372 4322; x_wconf 88' lang='lat' dir='ltr'><strong>mutatione,</strong></span> <span class='ocrx_word' id='word_1_435' title='bbox 411 4250 480 4307; x_wconf 80' lang='lat' dir='ltr'><strong>ab</strong></span> <span class='ocrx_word' id='word_1_436' title='bbox 512 4251 770 4321; x_wconf 77' lang='lat' dir='ltr'><strong>episcopo</strong></span> <span class='ocrx_word' id='word_1_437' title='bbox 797 4249 1126 4319; x_wconf 73' lang='lat' dir='ltr'><strong>Frisingensi</strong></span> <span class='ocrx_word' id='word_1_438' title='bbox 1155 4252 1454 4319; x_wconf 87' lang='lat' dir='ltr'><strong>acceperat.</strong></span> <span class='ocrx_word' id='word_1_439' title='bbox 1526 4247 1777 4306; x_wconf 82' lang='lat' dir='ltr'><strong>Ecclesia</strong></span> <span class='ocrx_word' id='word_1_440' title='bbox 1805 4264 1852 4304; x_wconf 90' lang='lat' dir='ltr'><strong>a.</strong></span> <span class='ocrx_word' id='word_1_441' title='bbox 1877 4247 1941 4303; x_wconf 83' lang='lat'><strong>1).</strong></span> <span class='ocrx_word' id='word_1_442' title='bbox 1967 4247 2122 4303; x_wconf 83' lang='grc'><strong>1087.</strong></span> <span class='ocrx_word' id='word_1_443' title='bbox 2153 4261 2292 4304; x_wconf 84' lang='lat' dir='ltr'><strong>con-</strong></span> 
     </span>
     <span class='ocr_line' id='line_1_46' title="bbox 88 4335 2289 4411; baseline 0 -19"><span class='ocrx_word' id='word_1_444' title='bbox 88 4341 278 4395; x_wconf 74' lang='lat' dir='ltr'><strong>sectata</strong></span> <span class='ocrx_word' id='word_1_445' title='bbox 325 4340 425 4411; x_wconf 86' lang='lat' dir='ltr'><strong>est,</strong></span> <span class='ocrx_word' id='word_1_446' title='bbox 476 4339 858 4398; x_wconf 85' lang='lat' dir='ltr'><strong>monasterium</strong></span> <span class='ocrx_word' id='word_1_447' title='bbox 898 4339 1267 4409; x_wconf 79' lang='lat' dir='ltr'><strong>liirsaugiensi</strong></span> <span class='ocrx_word' id='word_1_448' title='bbox 1306 4337 1667 4395; x_wconf 82' lang='lat' dir='ltr'><strong>summissam.</strong></span> <span class='ocrx_word' id='word_1_449' title='bbox 1737 4336 1935 4394; x_wconf 81' lang='lat' dir='ltr'><strong>Postea</strong></span> <span class='ocrx_word' id='word_1_450' title='bbox 1975 4350 2170 4394; x_wconf 81' lang='lat' dir='ltr'><strong>novum</strong></span> <span class='ocrx_word' id='word_1_451' title='bbox 2211 4335 2289 4393; x_wconf 83' lang='lat' dir='ltr'><strong>ihi</strong></span> 
     </span>
    </p>
   </div>
   <div class='ocr_carea' id='block_1_3' title="bbox 157 4440 2183 4604">
    <p class='ocr_par' dir='ltr' id='par_1_4' title="bbox 157 4440 2183 4604">
     <span class='ocr_line' id='line_1_47' title="bbox 157 4440 2183 4504; baseline -0.002 -9"><span class='ocrx_word' id='word_1_452' title='bbox 157 4440 208 4495; x_wconf 69' lang='lat'><strong>⁶)</strong></span> <span class='ocrx_word' id='word_1_453' title='bbox 244 4444 305 4489; x_wconf 70' lang='lat' dir='ltr'><strong>nic</strong></span> <span class='ocrx_word' id='word_1_454' title='bbox 328 4445 473 4499; x_wconf 47' lang='lat' dir='ltr'><strong>cedda</strong></span> <span class='ocrx_word' id='word_1_455' title='bbox 499 4445 747 4504; x_wconf 55' lang='lat' dir='ltr'><strong>heom-i:</strong></span> <span class='ocrx_word' id='word_1_456' title='bbox 788 4445 972 4494; x_wconf 79' lang='lat' dir='ltr'><strong>Ottonis</strong></span> <span class='ocrx_word' id='word_1_457' title='bbox 998 4445 1081 4494; x_wconf 84' lang='lat'>111.</span> <span class='ocrx_word' id='word_1_458' title='bbox 1104 4445 1306 4502; x_wconf 68' lang='lat' dir='ltr'><strong>Enicas</strong></span> <span class='ocrx_word' id='word_1_459' title='bbox 1332 4445 1488 4494; x_wconf 79' lang='lat' dir='ltr'><strong>mariti</strong></span> <span class='ocrx_word' id='word_1_460' title='bbox 1513 4449 1695 4504; x_wconf 82' lang='lat' dir='ltr'><strong>patruo,</strong></span> <span class='ocrx_word' id='word_1_461' title='bbox 1723 4443 1906 4490; x_wconf 73' lang='lat' dir='ltr'><strong>Otto-is</strong></span> <span class='ocrx_word' id='word_1_462' title='bbox 1933 4442 1994 4492; x_wconf 85' lang='lat' dir='ltr'><strong>u.</strong></span> <span class='ocrx_word' id='word_1_463' title='bbox 2023 4443 2183 4491; x_wconf 68' lang='lat' dir='ltr'><strong>stati-e.</strong></span> 
     </span>
     <span class='ocr_line' id='line_1_48' title="bbox 1730 4536 1869 4604; baseline 0 0"><span class='ocrx_word' id='word_1_464' title='bbox 1730 4539 1815 4604; x_wconf 68' lang='lat'><strong>42</strong></span> <span class='ocrx_word' id='word_1_465' title='bbox 1831 4536 1869 4578; x_wconf 68' lang='lat'><em>⁶</em></span> 
     </span>
    </p>
   </div>
  </div>
 </body>
</html>
