<?xml version="1.0" encoding="UTF-8"?>
<!DOCTYPE html PUBLIC "-//W3C//DTD XHTML 1.0 Transitional//EN"
    "http://www.w3.org/TR/xhtml1/DTD/xhtml1-transitional.dtd">
<html xmlns="http://www.w3.org/1999/xhtml" xml:lang="en" lang="en">
 <head>
  <title>
</title>
<meta http-equiv="Content-Type" content="text/html;charset=utf-8" />
  <meta name='ocr-system' content='tesseract 3.04.00' />
  <meta name='ocr-capabilities' content='ocr_page ocr_carea ocr_par ocr_line ocrx_word'/>
</head>
<body>
  <div class='ocr_page' id='page_1' title='image "./godofrwilhleibn00pertgoog/godofrwilhleibn00pertgoog_0637.png"; bbox 0 0 2817 4959; ppageno 0'>
   <div class='ocr_carea' id='block_1_1' title="bbox 664 198 2314 270">
    <p class='ocr_par' dir='ltr' id='par_1_1' title="bbox 664 198 2314 270">
     <span class='ocr_line' id='line_1_1' title="bbox 664 198 2314 270; baseline 0.003 -5"><span class='ocrx_word' id='word_1_1' title='bbox 664 198 1207 267; x_wconf 74' lang='lat' dir='ltr'>ANNALES</span> <span class='ocrx_word' id='word_1_2' title='bbox 1273 198 1738 269; x_wconf 75' lang='lat' dir='ltr'>IMPERII</span> <span class='ocrx_word' id='word_1_3' title='bbox 2183 200 2314 270; x_wconf 71' lang='grc'><strong>607</strong></span> 
     </span>
    </p>
   </div>
   <div class='ocr_carea' id='block_1_2' title="bbox 58 370 2507 4342">
    <p class='ocr_par' dir='ltr' id='par_1_2' title="bbox 58 370 2507 963">
     <span class='ocr_line' id='line_1_2' title="bbox 62 370 2507 452; baseline 0 -18"><span class='ocrx_word' id='word_1_4' title='bbox 62 374 264 434; x_wconf 79' lang='lat' dir='ltr'><strong>bertus</strong></span> <span class='ocrx_word' id='word_1_5' title='bbox 307 374 489 444; x_wconf 73' lang='lat' dir='ltr'><strong>egerit</strong></span> <span class='ocrx_word' id='word_1_6' title='bbox 527 376 621 432; x_wconf 83' lang='lat' dir='ltr'><strong>aut</strong></span> <span class='ocrx_word' id='word_1_7' title='bbox 672 376 916 446; x_wconf 64' lang='lat' dir='ltr'><strong>uenerit,</strong></span> <span class='ocrx_word' id='word_1_8' title='bbox 969 372 1183 445; x_wconf 80' lang='lat' dir='ltr'><strong>publiea</strong></span> <span class='ocrx_word' id='word_1_9' title='bbox 1221 374 1475 445; x_wconf 73' lang='lat' dir='ltr'><strong>opinione</strong></span> <span class='ocrx_word' id='word_1_10' title='bbox 1514 374 1738 430; x_wconf 75' lang='lat' dir='ltr'><strong>narrum·</strong></span> <span class='ocrx_word' id='word_1_11' title='bbox 1771 388 1897 444; x_wconf 80' lang='lat' dir='ltr'><strong>pars</strong></span> <span class='ocrx_word' id='word_1_12' title='bbox 1933 372 2311 446; x_wconf 70' lang='lat' dir='ltr'><strong>Lothariugiae</strong></span> <span class='ocrx_word' id='word_1_13' title='bbox 2337 371 2382 452; x_wconf 64' lang='grc' dir='ltr'>ι</span> <span class='ocrx_word' id='word_1_14' title='bbox 2407 370 2507 443; x_wconf 55' lang='lat' dir='ltr'><strong>Ui.</strong></span> 
     </span>
     <span class='ocr_line' id='line_1_3' title="bbox 63 461 2315 535; baseline 0.001 -14"><span class='ocrx_word' id='word_1_15' title='bbox 63 464 263 521; x_wconf 83' lang='lat' dir='ltr'><strong>baberi</strong></span> <span class='ocrx_word' id='word_1_16' title='bbox 309 465 698 535; x_wconf 78' lang='lat' dir='ltr'><strong>perseveravit.</strong></span> <span class='ocrx_word' id='word_1_17' title='bbox 768 463 900 519; x_wconf 86' lang='lat' dir='ltr'><strong>Nam</strong></span> <span class='ocrx_word' id='word_1_18' title='bbox 939 461 1208 519; x_wconf 68' lang='lat' dir='ltr'><strong>Iohannes</strong></span> <span class='ocrx_word' id='word_1_19' title='bbox 1245 462 1560 518; x_wconf 85' lang='lat' dir='ltr'><strong>Parisieusis</strong></span> <span class='ocrx_word' id='word_1_20' title='bbox 1600 464 1739 533; x_wconf 88' lang='lat' dir='ltr'><strong>apud</strong></span> <span class='ocrx_word' id='word_1_21' title='bbox 1769 464 1822 520; x_wconf 88' lang='lat' dir='ltr'><strong>S.</strong></span> <span class='ocrx_word' id='word_1_22' title='bbox 1844 464 2115 520; x_wconf 78' lang='lat' dir='ltr'>Victorem</span> <span class='ocrx_word' id='word_1_23' title='bbox 2144 479 2315 523; x_wconf 88' lang='lat' dir='ltr'><strong>cano·</strong></span> 
     </span>
     <span class='ocr_line' id='line_1_4' title="bbox 64 549 2313 621; baseline 0 -13"><span class='ocrx_word' id='word_1_24' title='bbox 64 555 231 609; x_wconf 79' lang='lat' dir='ltr'><strong>nicus</strong></span> <span class='ocrx_word' id='word_1_25' title='bbox 272 551 560 621; x_wconf 83' lang='lat' dir='ltr'><strong>regularis,</strong></span> <span class='ocrx_word' id='word_1_26' title='bbox 602 554 693 621; x_wconf 88' lang='lat' dir='ltr'><strong>qui</strong></span> <span class='ocrx_word' id='word_1_27' title='bbox 721 565 769 607; x_wconf 90' lang='lat' dir='ltr'><strong>a.</strong></span> <span class='ocrx_word' id='word_1_28' title='bbox 794 549 857 605; x_wconf 87' lang='lat' dir='ltr'><strong>D.</strong></span> <span class='ocrx_word' id='word_1_29' title='bbox 886 551 1036 606; x_wconf 88' lang='grc'><strong>1322.</strong></span> <span class='ocrx_word' id='word_1_30' title='bbox 1067 551 1242 620; x_wconf 91' lang='lat' dir='ltr'><strong>desiit,</strong></span> <span class='ocrx_word' id='word_1_31' title='bbox 1273 551 1327 604; x_wconf 88' lang='lat' dir='ltr'><strong>iu</strong></span> <span class='ocrx_word' id='word_1_32' title='bbox 1354 550 1652 605; x_wconf 73' lang='lat' dir='ltr'><strong>Memoriali</strong></span> <span class='ocrx_word' id='word_1_33' title='bbox 1680 551 1936 606; x_wconf 86' lang='lat' dir='ltr'><strong>historico</strong></span> <span class='ocrx_word' id='word_1_34' title='bbox 1975 552 2166 610; x_wconf 83' lang='lat' dir='ltr'><strong>habet:</strong></span> <span class='ocrx_word' id='word_1_35' title='bbox 2204 553 2313 609; x_wconf 87' lang='lat' dir='ltr'><strong>Lo-</strong></span> 
     </span>
     <span class='ocr_line' id='line_1_5' title="bbox 65 638 2313 713; baseline 0.001 -16"><span class='ocrx_word' id='word_1_36' title='bbox 65 641 400 708; x_wconf 79' lang='lat' dir='ltr'><strong>tharingiam</strong></span> <span class='ocrx_word' id='word_1_37' title='bbox 442 643 774 695; x_wconf 76' lang='lat' dir='ltr'><strong>continuisse</strong></span> <span class='ocrx_word' id='word_1_38' title='bbox 814 646 941 694; x_wconf 89' lang='lat' dir='ltr'><strong>tunc</strong></span> <span class='ocrx_word' id='word_1_39' title='bbox 978 639 1281 708; x_wconf 82' lang='lat' dir='ltr'><strong>virdunum,</strong></span> <span class='ocrx_word' id='word_1_40' title='bbox 1324 638 1531 694; x_wconf 79' lang='lat' dir='ltr'>Tullum</span> <span class='ocrx_word' id='word_1_41' title='bbox 1572 642 1625 693; x_wconf 92' lang='lat' dir='ltr'><strong>et</strong></span> <span class='ocrx_word' id='word_1_42' title='bbox 1661 638 1956 695; x_wconf 83' lang='lat' dir='ltr'><strong>Metensem</strong></span> <span class='ocrx_word' id='word_1_43' title='bbox 1998 648 2313 713; x_wconf 86' lang='lat' dir='ltr'><strong>partemque</strong></span> 
     </span>
     <span class='ocr_line' id='line_1_6' title="bbox 63 726 2310 798; baseline 0.001 -12"><span class='ocrx_word' id='word_1_44' title='bbox 63 730 418 786; x_wconf 76' lang='lat' dir='ltr'><strong>dioecesium</strong></span> <span class='ocrx_word' id='word_1_45' title='bbox 448 728 794 798; x_wconf 81' lang='lat' dir='ltr'><strong>Trevirensis,</strong></span> <span class='ocrx_word' id='word_1_46' title='bbox 833 727 1149 782; x_wconf 87' lang='lat' dir='ltr'><strong>Leodieusis</strong></span> <span class='ocrx_word' id='word_1_47' title='bbox 1177 734 1231 783; x_wconf 92' lang='lat' dir='ltr'><strong>et</strong></span> <span class='ocrx_word' id='word_1_48' title='bbox 1258 726 1576 795; x_wconf 56' lang='lat' dir='ltr'><strong>Remensis„</strong></span> <span class='ocrx_word' id='word_1_49' title='bbox 1597 727 1844 782; x_wconf 84' lang='lat' dir='ltr'><strong>ducatum</strong></span> <span class='ocrx_word' id='word_1_50' title='bbox 1873 727 2083 784; x_wconf 88' lang='lat' dir='ltr'><strong>scilicet</strong></span> <span class='ocrx_word' id='word_1_51' title='bbox 2110 729 2310 788; x_wconf 83' lang='lat' dir='ltr'><strong>Lotha-</strong></span> 
     </span>
     <span class='ocr_line' id='line_1_7' title="bbox 61 814 2312 889; baseline 0.002 -15"><span class='ocrx_word' id='word_1_52' title='bbox 61 819 278 886; x_wconf 77' lang='lat' dir='ltr'><strong>ringiae</strong></span> <span class='ocrx_word' id='word_1_53' title='bbox 323 830 427 872; x_wconf 92' lang='lat' dir='ltr'><strong>seu</strong></span> <span class='ocrx_word' id='word_1_54' title='bbox 466 818 709 887; x_wconf 79' lang='lat' dir='ltr'><strong>NanceJi,</strong></span> <span class='ocrx_word' id='word_1_55' title='bbox 752 819 1058 872; x_wconf 87' lang='lat' dir='ltr'><strong>comitatum</strong></span> <span class='ocrx_word' id='word_1_56' title='bbox 1099 815 1248 870; x_wconf 87' lang='lat' dir='ltr'><strong>Barri</strong></span> <span class='ocrx_word' id='word_1_57' title='bbox 1289 828 1406 870; x_wconf 87' lang='lat' dir='ltr'><strong>cum</strong></span> <span class='ocrx_word' id='word_1_58' title='bbox 1445 814 1587 886; x_wconf 89' lang='lat' dir='ltr'><strong>aliis,</strong></span> <span class='ocrx_word' id='word_1_59' title='bbox 1628 814 1950 872; x_wconf 82' lang='lat' dir='ltr'><strong>Hasbaniam</strong></span> <span class='ocrx_word' id='word_1_60' title='bbox 1985 817 2221 889; x_wconf 81' lang='lat' dir='ltr'><strong>denique</strong></span> <span class='ocrx_word' id='word_1_61' title='bbox 2255 825 2312 878; x_wconf 87' lang='lat' dir='ltr'><strong>et</strong></span> 
     </span>
     <span class='ocr_line' id='line_1_8' title="bbox 58 908 406 963; baseline -0.009 0"><span class='ocrx_word' id='word_1_62' title='bbox 58 908 406 963; x_wconf 80' lang='lat' dir='ltr'><strong>Ardennam.</strong></span> 
     </span>
    </p>

    <p class='ocr_par' dir='ltr' id='par_1_3' title="bbox 59 991 2315 3283">
     <span class='ocr_line' id='line_1_9' title="bbox 210 991 2312 1064; baseline 0.002 -14"><span class='ocrx_word' id='word_1_63' title='bbox 210 995 306 1050; x_wconf 83' lang='lat'><strong>33.</strong></span> <span class='ocrx_word' id='word_1_64' title='bbox 392 992 648 1049; x_wconf 87' lang='lat' dir='ltr'><strong>Videntur</strong></span> <span class='ocrx_word' id='word_1_65' title='bbox 695 999 749 1048; x_wconf 89' lang='lat' dir='ltr'><strong>et</strong></span> <span class='ocrx_word' id='word_1_66' title='bbox 802 994 973 1048; x_wconf 88' lang='lat' dir='ltr'><strong>secuti</strong></span> <span class='ocrx_word' id='word_1_67' title='bbox 1026 993 1376 1064; x_wconf 83' lang='lat' dir='ltr'><strong>imperatores</strong></span> <span class='ocrx_word' id='word_1_68' title='bbox 1426 991 1515 1049; x_wconf 79' lang='lat' dir='ltr'><strong>vel</strong></span> <span class='ocrx_word' id='word_1_69' title='bbox 1560 1006 1719 1063; x_wconf 84' lang='lat' dir='ltr'><strong>reges</strong></span> <span class='ocrx_word' id='word_1_70' title='bbox 1766 993 2086 1051; x_wconf 73' lang='lat' dir='ltr'><strong>Germaniae</strong></span> <span class='ocrx_word' id='word_1_71' title='bbox 2120 996 2211 1062; x_wconf 76' lang='lat' dir='ltr'><strong>jus</strong></span> <span class='ocrx_word' id='word_1_72' title='bbox 2255 998 2312 1054; x_wconf 83' lang='lat' dir='ltr'><strong>in</strong></span> 
     </span>
     <span class='ocr_line' id='line_1_10' title="bbox 61 1080 2313 1141; baseline 0.001 -2"><span class='ocrx_word' id='word_1_73' title='bbox 61 1084 375 1139; x_wconf 86' lang='lat' dir='ltr'><strong>Barrenses</strong></span> <span class='ocrx_word' id='word_1_74' title='bbox 407 1081 634 1139; x_wconf 84' lang='lat' dir='ltr'><strong>subinde</strong></span> <span class='ocrx_word' id='word_1_75' title='bbox 664 1081 768 1136; x_wconf 88' lang='lat' dir='ltr'><strong>sibi</strong></span> <span class='ocrx_word' id='word_1_76' title='bbox 795 1082 1115 1137; x_wconf 83' lang='lat' dir='ltr'><strong>asseruisse.</strong></span> <span class='ocrx_word' id='word_1_77' title='bbox 1186 1081 1317 1136; x_wconf 86' lang='lat' dir='ltr'><strong>Nam</strong></span> <span class='ocrx_word' id='word_1_78' title='bbox 1348 1080 1572 1137; x_wconf 81' lang='lat' dir='ltr'><strong>Carolus</strong></span> <span class='ocrx_word' id='word_1_79' title='bbox 1598 1081 1688 1137; x_wconf 83' lang='lat' dir='ltr'><strong>IV.</strong></span> <span class='ocrx_word' id='word_1_80' title='bbox 1716 1096 1765 1138; x_wconf 88' lang='lat' dir='ltr'><strong>a.</strong></span> <span class='ocrx_word' id='word_1_81' title='bbox 1785 1081 1845 1136; x_wconf 76' lang='lat' dir='ltr'><strong>D.</strong></span> <span class='ocrx_word' id='word_1_82' title='bbox 1881 1084 2018 1140; x_wconf 89' lang='grc'><strong>1354</strong></span> <span class='ocrx_word' id='word_1_83' title='bbox 2055 1083 2213 1141; x_wconf 78' lang='lat' dir='ltr'><strong>blatis</strong></span> <span class='ocrx_word' id='word_1_84' title='bbox 2241 1100 2313 1141; x_wconf 86' lang='lat' dir='ltr'><strong>ex</strong></span> 
     </span>
     <span class='ocr_line' id='line_1_11' title="bbox 63 1168 2315 1242; baseline -0 -12"><span class='ocrx_word' id='word_1_85' title='bbox 63 1175 336 1230; x_wconf 81' lang='lat' dir='ltr'><strong>comitatu</strong></span> <span class='ocrx_word' id='word_1_86' title='bbox 359 1169 781 1238; x_wconf 80' lang='lat' dir='ltr'><strong>Lucelburgensi</strong></span> <span class='ocrx_word' id='word_1_87' title='bbox 807 1169 1074 1239; x_wconf 87' lang='lat' dir='ltr'><strong>ducatum,</strong></span> <span class='ocrx_word' id='word_1_88' title='bbox 1104 1183 1171 1225; x_wconf 89' lang='lat' dir='ltr'><strong>ex</strong></span> <span class='ocrx_word' id='word_1_89' title='bbox 1191 1170 1440 1226; x_wconf 85' lang='lat' dir='ltr'><strong>Barrensi</strong></span> <span class='ocrx_word' id='word_1_90' title='bbox 1461 1168 1870 1226; x_wconf 79' lang='lat' dir='ltr'><strong>marchionatum</strong></span> <span class='ocrx_word' id='word_1_91' title='bbox 1892 1171 2108 1242; x_wconf 85' lang='lat' dir='ltr'><strong>fecisse,</strong></span> <span class='ocrx_word' id='word_1_92' title='bbox 2129 1172 2315 1230; x_wconf 86' lang='lat' dir='ltr'><strong>scribit</strong></span> 
     </span>
     <span class='ocr_line' id='line_1_12' title="bbox 60 1258 2312 1330; baseline 0.001 -14"><span class='ocrx_word' id='word_1_93' title='bbox 60 1260 327 1319; x_wconf 81' lang='lat' dir='ltr'><strong>Albertus</strong></span> <span class='ocrx_word' id='word_1_94' title='bbox 375 1260 798 1330; x_wconf 66' lang='lat' dir='ltr'><strong>argentinensis,</strong></span> <span class='ocrx_word' id='word_1_95' title='bbox 858 1259 1001 1330; x_wconf 89' lang='lat' dir='ltr'><strong>quod</strong></span> <span class='ocrx_word' id='word_1_96' title='bbox 1050 1259 1362 1314; x_wconf 87' lang='lat' dir='ltr'><strong>Blondellus</strong></span> <span class='ocrx_word' id='word_1_97' title='bbox 1404 1258 1472 1314; x_wconf 89' lang='lat' dir='ltr'><strong>ad</strong></span> <span class='ocrx_word' id='word_1_98' title='bbox 1523 1261 1827 1315; x_wconf 88' lang='lat' dir='ltr'><strong>comitatum</strong></span> <span class='ocrx_word' id='word_1_99' title='bbox 1872 1260 2312 1320; x_wconf 78' lang='lat' dir='ltr'><strong>Moncionensem</strong></span> 
     </span>
     <span class='ocr_line' id='line_1_13' title="bbox 59 1345 2312 1419; baseline -0 -11"><span class='ocrx_word' id='word_1_100' title='bbox 59 1350 405 1419; x_wconf 80' lang='lat' dir='ltr'><strong>restringere</strong></span> <span class='ocrx_word' id='word_1_101' title='bbox 454 1348 653 1405; x_wconf 88' lang='lat' dir='ltr'><strong>mallet.</strong></span> <span class='ocrx_word' id='word_1_102' title='bbox 745 1348 853 1404; x_wconf 90' lang='lat' dir='ltr'><strong>Sed</strong></span> <span class='ocrx_word' id='word_1_103' title='bbox 902 1350 1195 1418; x_wconf 77' lang='lat' dir='ltr'><strong>scriptores</strong></span> <span class='ocrx_word' id='word_1_104' title='bbox 1241 1345 1624 1403; x_wconf 86' lang='lat' dir='ltr'><strong>Lotharienses</strong></span> <span class='ocrx_word' id='word_1_105' title='bbox 1668 1347 1882 1419; x_wconf 89' lang='lat' dir='ltr'><strong>addunt,</strong></span> <span class='ocrx_word' id='word_1_106' title='bbox 1933 1348 2177 1404; x_wconf 79' lang='lat' dir='ltr'><strong>carolum</strong></span> <span class='ocrx_word' id='word_1_107' title='bbox 2224 1349 2312 1407; x_wconf 80' lang='lat' dir='ltr'><strong>IV.</strong></span> 
     </span>
     <span class='ocr_line' id='line_1_14' title="bbox 61 1435 2311 1507; baseline -0.001 -12"><span class='ocrx_word' id='word_1_108' title='bbox 61 1439 281 1495; x_wconf 89' lang='lat' dir='ltr'><strong>tandem</strong></span> <span class='ocrx_word' id='word_1_109' title='bbox 312 1438 513 1492; x_wconf 90' lang='lat' dir='ltr'><strong>ducem</strong></span> <span class='ocrx_word' id='word_1_110' title='bbox 543 1437 690 1492; x_wconf 86' lang='lat' dir='ltr'><strong>Barri</strong></span> <span class='ocrx_word' id='word_1_111' title='bbox 720 1440 808 1506; x_wconf 87' lang='lat' dir='ltr'><strong>(ut</strong></span> <span class='ocrx_word' id='word_1_112' title='bbox 835 1439 980 1507; x_wconf 75' lang='lat' dir='ltr'><strong>prius</strong></span> <span class='ocrx_word' id='word_1_113' title='bbox 1010 1435 1370 1492; x_wconf 79' lang='lat' dir='ltr'><strong>marchionem</strong></span> <span class='ocrx_word' id='word_1_114' title='bbox 1399 1435 1731 1504; x_wconf 81' lang='lat' dir='ltr'><strong>Monciouis)</strong></span> <span class='ocrx_word' id='word_1_115' title='bbox 1759 1450 1975 1492; x_wconf 81' lang='lat' dir='ltr'><strong>creasse</strong></span> <span class='ocrx_word' id='word_1_116' title='bbox 2005 1437 2311 1494; x_wconf 83' lang='lat' dir='ltr'><strong>Robertum.</strong></span> 
     </span>
     <span class='ocr_line' id='line_1_15' title="bbox 60 1523 2311 1599; baseline -0.001 -15"><span class='ocrx_word' id='word_1_117' title='bbox 60 1527 208 1584; x_wconf 87' lang='lat' dir='ltr'><strong>Sane</strong></span> <span class='ocrx_word' id='word_1_118' title='bbox 238 1529 287 1583; x_wconf 86' lang='lat' dir='ltr'><strong>si</strong></span> <span class='ocrx_word' id='word_1_119' title='bbox 320 1541 425 1584; x_wconf 90' lang='lat' dir='ltr'><strong>rex</strong></span> <span class='ocrx_word' id='word_1_120' title='bbox 448 1524 654 1583; x_wconf 89' lang='lat' dir='ltr'><strong>Galliae</strong></span> <span class='ocrx_word' id='word_1_121' title='bbox 680 1527 986 1594; x_wconf 85' lang='lat' dir='ltr'><strong>dignitatem</strong></span> <span class='ocrx_word' id='word_1_122' title='bbox 1018 1524 1274 1596; x_wconf 84' lang='lat' dir='ltr'><strong>dedisset,</strong></span> <span class='ocrx_word' id='word_1_123' title='bbox 1305 1526 1382 1580; x_wconf 90' lang='lat' dir='ltr'><strong>rei</strong></span> <span class='ocrx_word' id='word_1_124' title='bbox 1410 1532 1748 1580; x_wconf 88' lang='lat' dir='ltr'><strong>monumenta</strong></span> <span class='ocrx_word' id='word_1_125' title='bbox 1777 1528 1831 1580; x_wconf 91' lang='lat' dir='ltr'><strong>in</strong></span> <span class='ocrx_word' id='word_1_126' title='bbox 1853 1523 2023 1581; x_wconf 85' lang='lat' dir='ltr'><strong>Gallia</strong></span> <span class='ocrx_word' id='word_1_127' title='bbox 2054 1531 2311 1599; x_wconf 79' lang='lat' dir='ltr'><strong>extarent,</strong></span> 
     </span>
     <span class='ocr_line' id='line_1_16' title="bbox 60 1613 2311 1686; baseline -0 -14"><span class='ocrx_word' id='word_1_128' title='bbox 60 1615 232 1672; x_wconf 81' lang='lat' dir='ltr'><strong>multo</strong></span> <span class='ocrx_word' id='word_1_129' title='bbox 275 1619 495 1684; x_wconf 80' lang='lat' dir='ltr'><strong>majore</strong></span> <span class='ocrx_word' id='word_1_130' title='bbox 534 1613 664 1685; x_wconf 84' lang='lat' dir='ltr'><strong>illic,</strong></span> <span class='ocrx_word' id='word_1_131' title='bbox 705 1629 864 1684; x_wconf 84' lang='lat' dir='ltr'><strong>quam</strong></span> <span class='ocrx_word' id='word_1_132' title='bbox 898 1613 1037 1685; x_wconf 87' lang='lat' dir='ltr'><strong>apud</strong></span> <span class='ocrx_word' id='word_1_133' title='bbox 1062 1627 1181 1684; x_wconf 80' lang='lat' dir='ltr'><strong>noS,</strong></span> <span class='ocrx_word' id='word_1_134' title='bbox 1222 1615 1305 1669; x_wconf 89' lang='lat' dir='ltr'><strong>rei</strong></span> <span class='ocrx_word' id='word_1_135' title='bbox 1333 1614 1663 1670; x_wconf 81' lang='lat' dir='ltr'><strong>archivariae</strong></span> <span class='ocrx_word' id='word_1_136' title='bbox 1692 1629 1832 1686; x_wconf 88' lang='lat' dir='ltr'><strong>cura,</strong></span> <span class='ocrx_word' id='word_1_137' title='bbox 1874 1614 1996 1670; x_wconf 85' lang='lat' dir='ltr'><strong>dum</strong></span> <span class='ocrx_word' id='word_1_138' title='bbox 2027 1619 2172 1671; x_wconf 90' lang='lat' dir='ltr'><strong>certa</strong></span> <span class='ocrx_word' id='word_1_139' title='bbox 2199 1615 2311 1672; x_wconf 86' lang='lat' dir='ltr'><strong>illis</strong></span> 
     </span>
     <span class='ocr_line' id='line_1_17' title="bbox 60 1699 2310 1775; baseline -0.001 -14"><span class='ocrx_word' id='word_1_140' title='bbox 60 1707 214 1775; x_wconf 83' lang='lat' dir='ltr'><strong>regni</strong></span> <span class='ocrx_word' id='word_1_141' title='bbox 260 1706 455 1774; x_wconf 87' lang='lat' dir='ltr'><strong>sedes,</strong></span> <span class='ocrx_word' id='word_1_142' title='bbox 496 1706 551 1759; x_wconf 91' lang='lat' dir='ltr'><strong>iu</strong></span> <span class='ocrx_word' id='word_1_143' title='bbox 582 1700 864 1758; x_wconf 81' lang='lat' dir='ltr'><strong>Germania</strong></span> <span class='ocrx_word' id='word_1_144' title='bbox 898 1700 1003 1756; x_wconf 90' lang='lat' dir='ltr'><strong>huc</strong></span> <span class='ocrx_word' id='word_1_145' title='bbox 1031 1699 1160 1756; x_wconf 90' lang='lat' dir='ltr'><strong>illuc</strong></span> <span class='ocrx_word' id='word_1_146' title='bbox 1182 1704 1401 1771; x_wconf 77' lang='lat' dir='ltr'><strong>jactata.</strong></span> <span class='ocrx_word' id='word_1_147' title='bbox 1475 1700 1633 1758; x_wconf 86' lang='lat' dir='ltr'><strong>Certe</strong></span> <span class='ocrx_word' id='word_1_148' title='bbox 1664 1718 1780 1758; x_wconf 90' lang='lat' dir='ltr'><strong>cnm</strong></span> <span class='ocrx_word' id='word_1_149' title='bbox 1809 1701 2021 1758; x_wconf 85' lang='lat' dir='ltr'><strong>nobiles</strong></span> <span class='ocrx_word' id='word_1_150' title='bbox 2050 1703 2310 1773; x_wconf 85' lang='lat' dir='ltr'><strong>quosdam</strong></span> 
     </span>
     <span class='ocr_line' id='line_1_18' title="bbox 63 1790 2310 1864; baseline -0.002 -13"><span class='ocrx_word' id='word_1_151' title='bbox 63 1808 111 1851; x_wconf 88' lang='lat' dir='ltr'><strong>a.</strong></span> <span class='ocrx_word' id='word_1_152' title='bbox 143 1793 208 1849; x_wconf 87' lang='lat' dir='ltr'><strong>D.</strong></span> <span class='ocrx_word' id='word_1_153' title='bbox 249 1792 417 1849; x_wconf 85' lang='grc'><strong>1364.</strong></span> <span class='ocrx_word' id='word_1_154' title='bbox 462 1805 636 1847; x_wconf 84' lang='lat' dir='ltr'><strong>novus</strong></span> <span class='ocrx_word' id='word_1_155' title='bbox 677 1790 782 1846; x_wconf 85' lang='lat' dir='ltr'><strong>dux</strong></span> <span class='ocrx_word' id='word_1_156' title='bbox 825 1795 1082 1862; x_wconf 88' lang='lat' dir='ltr'><strong>creasset,</strong></span> <span class='ocrx_word' id='word_1_157' title='bbox 1124 1803 1235 1846; x_wconf 90' lang='lat' dir='ltr'><strong>rem</strong></span> <span class='ocrx_word' id='word_1_158' title='bbox 1278 1795 1482 1858; x_wconf 84' lang='lat' dir='ltr'><strong>gestam</strong></span> <span class='ocrx_word' id='word_1_159' title='bbox 1523 1791 1698 1847; x_wconf 87' lang='lat' dir='ltr'><strong>literis</strong></span> <span class='ocrx_word' id='word_1_160' title='bbox 1742 1792 1906 1858; x_wconf 85' lang='lat' dir='ltr'><strong>regiis</strong></span> <span class='ocrx_word' id='word_1_161' title='bbox 1936 1791 2310 1864; x_wconf 85' lang='lat' dir='ltr'><strong>confirmatam,</strong></span> 
     </span>
     <span class='ocr_line' id='line_1_19' title="bbox 63 1877 2311 1954; baseline -0.003 -14"><span class='ocrx_word' id='word_1_162' title='bbox 63 1881 281 1954; x_wconf 82' lang='lat' dir='ltr'><strong>aliaque</strong></span> <span class='ocrx_word' id='word_1_163' title='bbox 313 1882 369 1936; x_wconf 90' lang='lat' dir='ltr'><strong>id</strong></span> <span class='ocrx_word' id='word_1_164' title='bbox 400 1893 578 1949; x_wconf 85' lang='lat' dir='ltr'><strong>genus</strong></span> <span class='ocrx_word' id='word_1_165' title='bbox 606 1880 804 1935; x_wconf 89' lang='lat' dir='ltr'><strong>minuta</strong></span> <span class='ocrx_word' id='word_1_166' title='bbox 825 1877 963 1934; x_wconf 85' lang='lat' dir='ltr'><strong>Galli</strong></span> <span class='ocrx_word' id='word_1_167' title='bbox 992 1881 1263 1948; x_wconf 83' lang='lat' dir='ltr'><strong>notarunt;</strong></span> <span class='ocrx_word' id='word_1_168' title='bbox 1291 1880 1489 1947; x_wconf 85' lang='lat' dir='ltr'><strong>quanto</strong></span> <span class='ocrx_word' id='word_1_169' title='bbox 1519 1879 1686 1946; x_wconf 84' lang='lat' dir='ltr'><strong>magis</strong></span> <span class='ocrx_word' id='word_1_170' title='bbox 1718 1880 2045 1934; x_wconf 88' lang='lat' dir='ltr'><strong>erectionem</strong></span> <span class='ocrx_word' id='word_1_171' title='bbox 2071 1881 2311 1952; x_wconf 85' lang='lat' dir='ltr'><strong>ducatus,</strong></span> 
     </span>
     <span class='ocr_line' id='line_1_20' title="bbox 64 1965 2311 2039; baseline -0.001 -13"><span class='ocrx_word' id='word_1_172' title='bbox 64 1971 111 2026; x_wconf 89' lang='lat' dir='ltr'><strong>si</strong></span> <span class='ocrx_word' id='word_1_173' title='bbox 138 1973 256 2039; x_wconf 79' lang='lat' dir='ltr'><strong>regi</strong></span> <span class='ocrx_word' id='word_1_174' title='bbox 278 1984 393 2028; x_wconf 83' lang='lat' dir='ltr'><strong>suo</strong></span> <span class='ocrx_word' id='word_1_175' title='bbox 432 1967 616 2024; x_wconf 80' lang='lat' dir='ltr'><strong>deberi</strong></span> <span class='ocrx_word' id='word_1_176' title='bbox 644 1968 953 2023; x_wconf 70' lang='lat' dir='ltr'><strong>scivissent.</strong></span> <span class='ocrx_word' id='word_1_177' title='bbox 1022 1966 1196 2036; x_wconf 80' lang='lat' dir='ltr'><strong>Juvat,</strong></span> <span class='ocrx_word' id='word_1_178' title='bbox 1231 1965 1373 2036; x_wconf 86' lang='lat' dir='ltr'><strong>quod</strong></span> <span class='ocrx_word' id='word_1_179' title='bbox 1405 1970 1585 2036; x_wconf 88' lang='lat' dir='ltr'><strong>pontis</strong></span> <span class='ocrx_word' id='word_1_180' title='bbox 1614 1965 2014 2023; x_wconf 71' lang='lat' dir='ltr'><strong>Moncionensis</strong></span> <span class='ocrx_word' id='word_1_181' title='bbox 2042 1968 2311 2024; x_wconf 89' lang='lat' dir='ltr'><strong>marchio-</strong></span> 
     </span>
     <span class='ocr_line' id='line_1_21' title="bbox 62 2053 2307 2129; baseline -0 -15"><span class='ocrx_word' id='word_1_182' title='bbox 62 2061 221 2115; x_wconf 87' lang='lat' dir='ltr'><strong>natus</strong></span> <span class='ocrx_word' id='word_1_183' title='bbox 263 2061 469 2129; x_wconf 85' lang='lat' dir='ltr'><strong>(quem</strong></span> <span class='ocrx_word' id='word_1_184' title='bbox 505 2057 643 2125; x_wconf 80' lang='lat' dir='ltr'><strong>juris</strong></span> <span class='ocrx_word' id='word_1_185' title='bbox 673 2055 975 2113; x_wconf 86' lang='lat' dir='ltr'><strong>Germanici</strong></span> <span class='ocrx_word' id='word_1_186' title='bbox 1016 2067 1233 2124; x_wconf 85' lang='lat' dir='ltr'><strong>semper</strong></span> <span class='ocrx_word' id='word_1_187' title='bbox 1273 2053 1460 2126; x_wconf 79' lang='lat' dir='ltr'><strong>tuisse,</strong></span> <span class='ocrx_word' id='word_1_188' title='bbox 1502 2055 1815 2112; x_wconf 88' lang='lat' dir='ltr'><strong>Blondellus</strong></span> <span class='ocrx_word' id='word_1_189' title='bbox 1858 2059 2132 2125; x_wconf 82' lang='lat' dir='ltr'><strong>agnoscit)</strong></span> <span class='ocrx_word' id='word_1_190' title='bbox 2173 2060 2307 2114; x_wconf 89' lang='lat' dir='ltr'><strong>situs</strong></span> 
     </span>
     <span class='ocr_line' id='line_1_22' title="bbox 64 2142 2306 2204; baseline 0.001 -2"><span class='ocrx_word' id='word_1_191' title='bbox 64 2145 371 2203; x_wconf 80' lang='lat' dir='ltr'><strong>habebatur</strong></span> <span class='ocrx_word' id='word_1_192' title='bbox 412 2147 473 2200; x_wconf 90' lang='lat' dir='ltr'><strong>in</strong></span> <span class='ocrx_word' id='word_1_193' title='bbox 501 2145 750 2201; x_wconf 86' lang='lat' dir='ltr'><strong>Barrensi</strong></span> <span class='ocrx_word' id='word_1_194' title='bbox 779 2144 988 2200; x_wconf 86' lang='lat' dir='ltr'><strong>ducatu.</strong></span> <span class='ocrx_word' id='word_1_195' title='bbox 1061 2143 1195 2200; x_wconf 82' lang='lat' dir='ltr'><strong>Nam</strong></span> <span class='ocrx_word' id='word_1_196' title='bbox 1224 2157 1269 2198; x_wconf 91' lang='lat' dir='ltr'><strong>a.</strong></span> <span class='ocrx_word' id='word_1_197' title='bbox 1295 2142 1358 2198; x_wconf 87' lang='lat' dir='ltr'><strong>D.</strong></span> <span class='ocrx_word' id='word_1_198' title='bbox 1386 2144 1523 2197; x_wconf 78' lang='grc'><strong>1474</strong></span> <span class='ocrx_word' id='word_1_199' title='bbox 1562 2144 1788 2199; x_wconf 73' lang='lat' dir='ltr'><strong>,iohanni</strong></span> <span class='ocrx_word' id='word_1_200' title='bbox 1820 2143 1930 2200; x_wconf 83' lang='lat' dir='ltr'><strong>tilio</strong></span> <span class='ocrx_word' id='word_1_201' title='bbox 1957 2144 2121 2203; x_wconf 89' lang='lat' dir='ltr'><strong>notho</strong></span> <span class='ocrx_word' id='word_1_202' title='bbox 2158 2145 2306 2204; x_wconf 83' lang='lat' dir='ltr'><strong>illum</strong></span> 
     </span>
     <span class='ocr_line' id='line_1_23' title="bbox 67 2231 2309 2308; baseline 0.001 -17"><span class='ocrx_word' id='word_1_203' title='bbox 67 2236 326 2308; x_wconf 83' lang='lat' dir='ltr'><strong>relinquit</strong></span> <span class='ocrx_word' id='word_1_204' title='bbox 347 2235 589 2290; x_wconf 87' lang='lat' dir='ltr'><strong>Reuatus</strong></span> <span class='ocrx_word' id='word_1_205' title='bbox 610 2234 712 2289; x_wconf 87' lang='lat' dir='ltr'><strong>dux</strong></span> <span class='ocrx_word' id='word_1_206' title='bbox 730 2232 1126 2304; x_wconf 75' lang='lat' dir='ltr'><strong>Letharingiae,</strong></span> <span class='ocrx_word' id='word_1_207' title='bbox 1150 2246 1306 2303; x_wconf 87' lang='lat' dir='ltr'><strong>quem</strong></span> <span class='ocrx_word' id='word_1_208' title='bbox 1328 2231 1486 2288; x_wconf 90' lang='lat' dir='ltr'><strong>situm</strong></span> <span class='ocrx_word' id='word_1_209' title='bbox 1516 2236 1590 2288; x_wconf 89' lang='lat' dir='ltr'><strong>ait</strong></span> <span class='ocrx_word' id='word_1_210' title='bbox 1616 2236 1672 2289; x_wconf 92' lang='lat' dir='ltr'><strong>in</strong></span> <span class='ocrx_word' id='word_1_211' title='bbox 1702 2233 1893 2289; x_wconf 88' lang='lat' dir='ltr'><strong>ducatu</strong></span> <span class='ocrx_word' id='word_1_212' title='bbox 1923 2248 2022 2290; x_wconf 89' lang='lat' dir='ltr'><strong>suo</strong></span> <span class='ocrx_word' id='word_1_213' title='bbox 2043 2234 2309 2293; x_wconf 85' lang='lat' dir='ltr'><strong>Barrensi.</strong></span> 
     </span>
     <span class='ocr_line' id='line_1_24' title="bbox 68 2320 2309 2395; baseline 0.001 -16"><span class='ocrx_word' id='word_1_214' title='bbox 68 2322 221 2380; x_wconf 81' lang='lat' dir='ltr'><strong>Unde</strong></span> <span class='ocrx_word' id='word_1_215' title='bbox 262 2322 502 2392; x_wconf 80' lang='lat' dir='ltr'><strong>intelligi</strong></span> <span class='ocrx_word' id='word_1_216' title='bbox 542 2328 739 2395; x_wconf 85' lang='lat' dir='ltr'><strong>potest,</strong></span> <span class='ocrx_word' id='word_1_217' title='bbox 776 2338 970 2394; x_wconf 90' lang='lat' dir='ltr'><strong>corpus</strong></span> <span class='ocrx_word' id='word_1_218' title='bbox 1013 2322 1269 2378; x_wconf 88' lang='lat' dir='ltr'><strong>ditionum</strong></span> <span class='ocrx_word' id='word_1_219' title='bbox 1311 2320 1528 2377; x_wconf 81' lang='lat' dir='ltr'><strong>Roberti</strong></span> <span class='ocrx_word' id='word_1_220' title='bbox 1569 2324 1779 2392; x_wconf 84' lang='lat' dir='ltr'><strong>comitis</strong></span> <span class='ocrx_word' id='word_1_221' title='bbox 1822 2323 2098 2379; x_wconf 89' lang='lat' dir='ltr'><strong>Barrensis</strong></span> <span class='ocrx_word' id='word_1_222' title='bbox 2136 2324 2309 2381; x_wconf 84' lang='lat' dir='ltr'><strong>aCa-</strong></span> 
     </span>
     <span class='ocr_line' id='line_1_25' title="bbox 67 2409 2310 2482; baseline 0.001 -16"><span class='ocrx_word' id='word_1_223' title='bbox 67 2412 184 2469; x_wconf 92' lang='lat' dir='ltr'><strong>rolo</strong></span> <span class='ocrx_word' id='word_1_224' title='bbox 212 2411 309 2468; x_wconf 78' lang='lat' dir='ltr'><strong>IV.</strong></span> <span class='ocrx_word' id='word_1_225' title='bbox 340 2410 570 2466; x_wconf 88' lang='lat' dir='ltr'><strong>ducatus</strong></span> <span class='ocrx_word' id='word_1_226' title='bbox 597 2411 799 2467; x_wconf 88' lang='lat' dir='ltr'><strong>honore</strong></span> <span class='ocrx_word' id='word_1_227' title='bbox 827 2413 1167 2482; x_wconf 69' lang='lat' dir='ltr'><strong>insignitum</strong></span> <span class='ocrx_word' id='word_1_228' title='bbox 1207 2425 1326 2468; x_wconf 91' lang='lat' dir='ltr'><strong>nam</strong></span> <span class='ocrx_word' id='word_1_229' title='bbox 1357 2409 1618 2466; x_wconf 82' lang='lat' dir='ltr'><strong>Robertus</strong></span> <span class='ocrx_word' id='word_1_230' title='bbox 1647 2425 1679 2465; x_wconf 88' lang='lat' dir='ltr'><strong>a</strong></span> <span class='ocrx_word' id='word_1_231' title='bbox 1709 2410 1900 2466; x_wconf 89' lang='lat' dir='ltr'><strong>Carolo</strong></span> <span class='ocrx_word' id='word_1_232' title='bbox 1929 2410 2015 2467; x_wconf 83' lang='lat' dir='ltr'><strong>lv,</strong></span> <span class='ocrx_word' id='word_1_233' title='bbox 2045 2413 2099 2466; x_wconf 91' lang='lat' dir='ltr'><strong>in</strong></span> <span class='ocrx_word' id='word_1_234' title='bbox 2130 2411 2310 2482; x_wconf 89' lang='lat' dir='ltr'><strong>diplo-</strong></span> 
     </span>
     <span class='ocr_line' id='line_1_26' title="bbox 68 2497 2306 2568; baseline 0 -12"><span class='ocrx_word' id='word_1_235' title='bbox 68 2505 211 2558; x_wconf 80' lang='lat' dir='ltr'><strong>mate</strong></span> <span class='ocrx_word' id='word_1_236' title='bbox 243 2501 374 2555; x_wconf 89' lang='lat' dir='ltr'><strong>dato</strong></span> <span class='ocrx_word' id='word_1_237' title='bbox 420 2497 597 2568; x_wconf 78' lang='lat' dir='ltr'><strong>histis,</strong></span> <span class='ocrx_word' id='word_1_238' title='bbox 628 2499 710 2555; x_wconf 80' lang='lat'><strong>12.</strong></span> <span class='ocrx_word' id='word_1_239' title='bbox 750 2499 1112 2556; x_wconf 66' lang='lat' dir='ltr'><strong>Romanum.</strong></span> <span class='ocrx_word' id='word_1_240' title='bbox 1154 2498 1311 2554; x_wconf 85' lang='grc'><strong>1356.</strong></span> <span class='ocrx_word' id='word_1_241' title='bbox 1365 2497 1538 2553; x_wconf 88' lang='lat' dir='ltr'><strong>adhuc</strong></span> <span class='ocrx_word' id='word_1_242' title='bbox 1584 2512 1767 2554; x_wconf 88' lang='lat' dir='ltr'><strong>comes</strong></span> <span class='ocrx_word' id='word_1_243' title='bbox 1812 2498 2088 2555; x_wconf 87' lang='lat' dir='ltr'><strong>Barrensis</strong></span> <span class='ocrx_word' id='word_1_244' title='bbox 2133 2501 2306 2558; x_wconf 82' lang='lat' dir='ltr'><strong>dictus</strong></span> 
     </span>
     <span class='ocr_line' id='line_1_27' title="bbox 68 2584 2309 2662; baseline 0 -18"><span class='ocrx_word' id='word_1_245' title='bbox 68 2593 168 2662; x_wconf 86' lang='lat' dir='ltr'><strong>est,</strong></span> <span class='ocrx_word' id='word_1_246' title='bbox 195 2592 255 2646; x_wconf 89' lang='lat' dir='ltr'><strong>et</strong></span> <span class='ocrx_word' id='word_1_247' title='bbox 284 2601 417 2644; x_wconf 82' lang='lat' dir='ltr'><strong>mox</strong></span> <span class='ocrx_word' id='word_1_248' title='bbox 443 2601 490 2642; x_wconf 89' lang='lat' dir='ltr'><strong>a.</strong></span> <span class='ocrx_word' id='word_1_249' title='bbox 517 2585 580 2641; x_wconf 87' lang='lat' dir='ltr'><strong>D.</strong></span> <span class='ocrx_word' id='word_1_250' title='bbox 611 2587 761 2643; x_wconf 84' lang='grc'><strong>1357.</strong></span> <span class='ocrx_word' id='word_1_251' title='bbox 792 2600 856 2643; x_wconf 89' lang='lat' dir='ltr'><strong>se</strong></span> <span class='ocrx_word' id='word_1_252' title='bbox 875 2590 989 2655; x_wconf 81' lang='lat' dir='ltr'><strong>jam</strong></span> <span class='ocrx_word' id='word_1_253' title='bbox 1018 2585 1205 2641; x_wconf 85' lang='lat' dir='ltr'><strong>ducem</strong></span> <span class='ocrx_word' id='word_1_254' title='bbox 1241 2587 1475 2657; x_wconf 87' lang='lat' dir='ltr'><strong>scripsit,</strong></span> <span class='ocrx_word' id='word_1_255' title='bbox 1513 2590 1571 2639; x_wconf 90' lang='lat' dir='ltr'><strong>ut</strong></span> <span class='ocrx_word' id='word_1_256' title='bbox 1598 2584 1894 2642; x_wconf 84' lang='lat' dir='ltr'><strong>Chitiletius</strong></span> <span class='ocrx_word' id='word_1_257' title='bbox 1924 2588 2177 2643; x_wconf 86' lang='lat' dir='ltr'><strong>ostendit.</strong></span> <span class='ocrx_word' id='word_1_258' title='bbox 2240 2587 2309 2645; x_wconf 87' lang='lat' dir='ltr'><strong>Ut</strong></span> 
     </span>
     <span class='ocr_line' id='line_1_28' title="bbox 63 2673 2304 2747; baseline -0 -13"><span class='ocrx_word' id='word_1_259' title='bbox 63 2678 298 2747; x_wconf 77' lang='lat' dir='ltr'><strong>judicari</strong></span> <span class='ocrx_word' id='word_1_260' title='bbox 351 2675 545 2746; x_wconf 87' lang='lat' dir='ltr'><strong>possit,</strong></span> <span class='ocrx_word' id='word_1_261' title='bbox 593 2673 839 2732; x_wconf 87' lang='lat' dir='ltr'><strong>Carolum</strong></span> <span class='ocrx_word' id='word_1_262' title='bbox 883 2679 1010 2730; x_wconf 89' lang='lat' dir='ltr'><strong>tuuc</strong></span> <span class='ocrx_word' id='word_1_263' title='bbox 1048 2677 1278 2730; x_wconf 79' lang='lat' dir='ltr'><strong>vicinum</strong></span> <span class='ocrx_word' id='word_1_264' title='bbox 1325 2676 1377 2729; x_wconf 88' lang='lat' dir='ltr'><strong>ei</strong></span> <span class='ocrx_word' id='word_1_265' title='bbox 1420 2674 1573 2729; x_wconf 85' lang='lat' dir='ltr'><strong>ducis</strong></span> <span class='ocrx_word' id='word_1_266' title='bbox 1622 2674 1935 2742; x_wconf 82' lang='lat' dir='ltr'><strong>dignitatem</strong></span> <span class='ocrx_word' id='word_1_267' title='bbox 1976 2675 2304 2745; x_wconf 86' lang='lat' dir='ltr'><strong>contulisse;</strong></span> 
     </span>
     <span class='ocr_line' id='line_1_29' title="bbox 70 2760 2303 2835; baseline -0.001 -13"><span class='ocrx_word' id='word_1_268' title='bbox 70 2781 186 2822; x_wconf 88' lang='lat' dir='ltr'><strong>cum</strong></span> <span class='ocrx_word' id='word_1_269' title='bbox 215 2766 431 2835; x_wconf 82' lang='lat' dir='ltr'><strong>aliquot</strong></span> <span class='ocrx_word' id='word_1_270' title='bbox 456 2768 581 2819; x_wconf 91' lang='lat' dir='ltr'><strong>ante</strong></span> <span class='ocrx_word' id='word_1_271' title='bbox 609 2764 760 2819; x_wconf 87' lang='lat' dir='ltr'><strong>annis</strong></span> <span class='ocrx_word' id='word_1_272' title='bbox 789 2765 843 2818; x_wconf 90' lang='lat' dir='ltr'><strong>iu</strong></span> <span class='ocrx_word' id='word_1_273' title='bbox 875 2763 1063 2819; x_wconf 89' lang='lat' dir='ltr'><strong>eodem</strong></span> <span class='ocrx_word' id='word_1_274' title='bbox 1092 2762 1214 2817; x_wconf 92' lang='lat' dir='ltr'><strong>loco</strong></span> <span class='ocrx_word' id='word_1_275' title='bbox 1255 2761 1575 2818; x_wconf 90' lang='lat' dir='ltr'><strong>marchionis</strong></span> <span class='ocrx_word' id='word_1_276' title='bbox 1622 2760 1924 2818; x_wconf 86' lang='lat' dir='ltr'><strong>tribuisset:</strong></span> <span class='ocrx_word' id='word_1_277' title='bbox 1965 2775 2141 2832; x_wconf 83' lang='lat' dir='ltr'><strong>eoque</strong></span> <span class='ocrx_word' id='word_1_278' title='bbox 2180 2764 2303 2835; x_wconf 88' lang='lat' dir='ltr'><strong>ipso</strong></span> 
     </span>
     <span class='ocr_line' id='line_1_30' title="bbox 70 2849 2306 2924; baseline -0.001 -13"><span class='ocrx_word' id='word_1_279' title='bbox 70 2855 295 2911; x_wconf 87' lang='lat' dir='ltr'><strong>dedisse</strong></span> <span class='ocrx_word' id='word_1_280' title='bbox 322 2866 563 2924; x_wconf 82' lang='lat' dir='ltr'><strong>operam,</strong></span> <span class='ocrx_word' id='word_1_281' title='bbox 588 2857 648 2907; x_wconf 91' lang='lat' dir='ltr'><strong>ut</strong></span> <span class='ocrx_word' id='word_1_282' title='bbox 673 2852 881 2922; x_wconf 89' lang='lat' dir='ltr'><strong>imperii</strong></span> <span class='ocrx_word' id='word_1_283' title='bbox 911 2849 1212 2907; x_wconf 89' lang='lat' dir='ltr'><strong>Germanici</strong></span> <span class='ocrx_word' id='word_1_284' title='bbox 1246 2853 1366 2921; x_wconf 81' lang='lat' dir='ltr'><strong>jura</strong></span> <span class='ocrx_word' id='word_1_285' title='bbox 1393 2854 1768 2917; x_wconf 78' lang='lat' dir='ltr'><strong>conservaret3</strong></span> <span class='ocrx_word' id='word_1_286' title='bbox 1805 2852 1910 2906; x_wconf 83' lang='lat' dir='ltr'><strong>etsi</strong></span> <span class='ocrx_word' id='word_1_287' title='bbox 1953 2853 2166 2908; x_wconf 89' lang='lat' dir='ltr'><strong>interea</strong></span> <span class='ocrx_word' id='word_1_288' title='bbox 2202 2853 2306 2909; x_wconf 90' lang='lat' dir='ltr'><strong>du-</strong></span> 
     </span>
     <span class='ocr_line' id='line_1_31' title="bbox 74 2937 2308 3010; baseline -0.001 -11"><span class='ocrx_word' id='word_1_289' title='bbox 74 2957 163 2999; x_wconf 86' lang='lat' dir='ltr'><strong>ces</strong></span> <span class='ocrx_word' id='word_1_290' title='bbox 192 2944 419 3000; x_wconf 84' lang='lat' dir='ltr'><strong>Barrum</strong></span> <span class='ocrx_word' id='word_1_291' title='bbox 449 2947 682 2997; x_wconf 85' lang='lat' dir='ltr'><strong>castrum</strong></span> <span class='ocrx_word' id='word_1_292' title='bbox 710 2940 937 2995; x_wconf 88' lang='lat' dir='ltr'><strong>subinde</strong></span> <span class='ocrx_word' id='word_1_293' title='bbox 965 2941 1119 3010; x_wconf 89' lang='lat' dir='ltr'><strong>quasi</strong></span> <span class='ocrx_word' id='word_1_294' title='bbox 1147 2937 1406 2994; x_wconf 88' lang='lat' dir='ltr'><strong>Gallicum</strong></span> <span class='ocrx_word' id='word_1_295' title='bbox 1436 2937 1756 2995; x_wconf 86' lang='lat' dir='ltr'><strong>beneficium</strong></span> <span class='ocrx_word' id='word_1_296' title='bbox 1797 2951 2094 3009; x_wconf 80' lang='lat' dir='ltr'><strong>agnoscere</strong></span> <span class='ocrx_word' id='word_1_297' title='bbox 2137 2940 2308 3010; x_wconf 78' lang='lat' dir='ltr'><strong>coge-</strong></span> 
     </span>
     <span class='ocr_line' id='line_1_32' title="bbox 71 3026 2309 3105; baseline -0 -18"><span class='ocrx_word' id='word_1_298' title='bbox 71 3038 270 3105; x_wconf 87' lang='lat' dir='ltr'><strong>rentur,</strong></span> <span class='ocrx_word' id='word_1_299' title='bbox 315 3045 438 3088; x_wconf 86' lang='lat' dir='ltr'><strong>cum</strong></span> <span class='ocrx_word' id='word_1_300' title='bbox 467 3030 775 3099; x_wconf 86' lang='lat' dir='ltr'><strong>longinquis</strong></span> <span class='ocrx_word' id='word_1_301' title='bbox 814 3026 1241 3100; x_wconf 86' lang='lat' dir='ltr'><strong>imperatoribus,</strong></span> <span class='ocrx_word' id='word_1_302' title='bbox 1287 3031 1343 3083; x_wconf 92' lang='lat' dir='ltr'><strong>et</strong></span> <span class='ocrx_word' id='word_1_303' title='bbox 1382 3027 1545 3084; x_wconf 88' lang='lat' dir='ltr'><strong>rebus</strong></span> <span class='ocrx_word' id='word_1_304' title='bbox 1591 3028 1798 3097; x_wconf 79' lang='lat' dir='ltr'><strong>imperii</strong></span> <span class='ocrx_word' id='word_1_305' title='bbox 1837 3027 2079 3101; x_wconf 87' lang='lat' dir='ltr'><strong>turbatis,</strong></span> <span class='ocrx_word' id='word_1_306' title='bbox 2121 3033 2309 3087; x_wconf 86' lang='lat' dir='ltr'><strong>contra</strong></span> 
     </span>
     <span class='ocr_line' id='line_1_33' title="bbox 72 3116 2304 3193; baseline 0 -18"><span class='ocrx_word' id='word_1_307' title='bbox 72 3123 178 3179; x_wconf 79' lang='lat' dir='ltr'><strong>vim</strong></span> <span class='ocrx_word' id='word_1_308' title='bbox 205 3122 276 3179; x_wconf 90' lang='lat' dir='ltr'><strong>de</strong></span> <span class='ocrx_word' id='word_1_309' title='bbox 306 3121 552 3193; x_wconf 83' lang='lat' dir='ltr'><strong>proximo</strong></span> <span class='ocrx_word' id='word_1_310' title='bbox 579 3121 942 3175; x_wconf 89' lang='lat' dir='ltr'><strong>imminentem</strong></span> <span class='ocrx_word' id='word_1_311' title='bbox 968 3116 1100 3174; x_wconf 84' lang='lat' dir='ltr'><strong>nihil</strong></span> <span class='ocrx_word' id='word_1_312' title='bbox 1128 3121 1369 3187; x_wconf 86' lang='lat' dir='ltr'><strong>possent.</strong></span> <span class='ocrx_word' id='word_1_313' title='bbox 1425 3117 1535 3173; x_wconf 89' lang='lat' dir='ltr'><strong>Sed</strong></span> <span class='ocrx_word' id='word_1_314' title='bbox 1553 3132 1620 3173; x_wconf 89' lang='lat' dir='ltr'><strong>ea</strong></span> <span class='ocrx_word' id='word_1_315' title='bbox 1647 3117 1846 3173; x_wconf 88' lang='lat' dir='ltr'><strong>domini</strong></span> <span class='ocrx_word' id='word_1_316' title='bbox 1867 3116 1958 3184; x_wconf 79' lang='lat' dir='ltr'><strong>jus</strong></span> <span class='ocrx_word' id='word_1_317' title='bbox 1986 3118 2304 3176; x_wconf 84' lang='lat' dir='ltr'><strong>imminuere</strong></span> 
     </span>
     <span class='ocr_line' id='line_1_34' title="bbox 70 3214 457 3283; baseline -0.008 -17"><span class='ocrx_word' id='word_1_318' title='bbox 70 3222 177 3269; x_wconf 75' lang='lat' dir='ltr'><strong>nou</strong></span> <span class='ocrx_word' id='word_1_319' title='bbox 205 3214 457 3283; x_wconf 85' lang='lat' dir='ltr'><strong>potuere.</strong></span> 
     </span>
    </p>

    <p class='ocr_par' dir='ltr' id='par_1_4' title="bbox 72 3293 2312 4342">
     <span class='ocr_line' id='line_1_35' title="bbox 210 3293 2308 3368; baseline -0.003 -11"><span class='ocrx_word' id='word_1_320' title='bbox 210 3299 303 3358; x_wconf 79' lang='grc'><strong>34.</strong></span> <span class='ocrx_word' id='word_1_321' title='bbox 379 3297 498 3353; x_wconf 88' lang='lat' dir='ltr'><strong>Nec</strong></span> <span class='ocrx_word' id='word_1_322' title='bbox 525 3294 726 3365; x_wconf 83' lang='lat' dir='ltr'><strong>dubito,</strong></span> <span class='ocrx_word' id='word_1_323' title='bbox 762 3293 1044 3366; x_wconf 79' lang='lat' dir='ltr'><strong>plurimum</strong></span> <span class='ocrx_word' id='word_1_324' title='bbox 1084 3295 1151 3350; x_wconf 88' lang='lat' dir='ltr'><strong>ad</strong></span> <span class='ocrx_word' id='word_1_325' title='bbox 1191 3294 1576 3350; x_wconf 87' lang='lat' dir='ltr'><strong>continuandas</strong></span> <span class='ocrx_word' id='word_1_326' title='bbox 1618 3293 1886 3351; x_wconf 82' lang='lat' dir='ltr'><strong>Gallorum</strong></span> <span class='ocrx_word' id='word_1_327' title='bbox 1925 3298 2308 3368; x_wconf 78' lang='lat' dir='ltr'><strong>usurpationes</strong></span> 
     </span>
     <span class='ocr_line' id='line_1_36' title="bbox 74 3382 2306 3454; baseline -0.001 -13"><span class='ocrx_word' id='word_1_328' title='bbox 74 3388 381 3444; x_wconf 86' lang='lat' dir='ltr'><strong>contulisse</strong></span> <span class='ocrx_word' id='word_1_329' title='bbox 411 3385 814 3442; x_wconf 83' lang='lat' dir='ltr'><strong>translationem</strong></span> <span class='ocrx_word' id='word_1_330' title='bbox 843 3383 1065 3439; x_wconf 86' lang='lat' dir='ltr'><strong>ducatus</strong></span> <span class='ocrx_word' id='word_1_331' title='bbox 1092 3384 1370 3439; x_wconf 87' lang='lat' dir='ltr'><strong>Barrensis</strong></span> <span class='ocrx_word' id='word_1_332' title='bbox 1410 3385 1467 3438; x_wconf 87' lang='lat' dir='ltr'><strong>in</strong></span> <span class='ocrx_word' id='word_1_333' title='bbox 1495 3385 1665 3454; x_wconf 87' lang='lat' dir='ltr'><strong>ipsam</strong></span> <span class='ocrx_word' id='word_1_334' title='bbox 1694 3386 1894 3453; x_wconf 77' lang='lat' dir='ltr'><strong>regiam</strong></span> <span class='ocrx_word' id='word_1_335' title='bbox 1923 3386 2145 3454; x_wconf 86' lang='lat' dir='ltr'><strong>stirpem</strong></span> <span class='ocrx_word' id='word_1_336' title='bbox 2174 3382 2306 3439; x_wconf 71' lang='lat' dir='ltr'><strong>Gal-</strong></span> 
     </span>
     <span class='ocr_line' id='line_1_37' title="bbox 72 3470 2304 3548; baseline 0 -21"><span class='ocrx_word' id='word_1_337' title='bbox 72 3472 228 3531; x_wconf 73' lang='lat' dir='ltr'><strong>licam</strong></span> <span class='ocrx_word' id='word_1_338' title='bbox 248 3491 350 3548; x_wconf 84' lang='lat' dir='ltr'><strong>per</strong></span> <span class='ocrx_word' id='word_1_339' title='bbox 388 3475 730 3543; x_wconf 76' lang='lat' dir='ltr'><strong>Ludovicum,</strong></span> <span class='ocrx_word' id='word_1_340' title='bbox 758 3470 1012 3527; x_wconf 87' lang='lat' dir='ltr'><strong>Ludovici</strong></span> <span class='ocrx_word' id='word_1_341' title='bbox 1040 3472 1440 3540; x_wconf 68' lang='lat' dir='ltr'><strong>andegavornm</strong></span> <span class='ocrx_word' id='word_1_342' title='bbox 1470 3473 1619 3527; x_wconf 89' lang='lat' dir='ltr'><strong>ducis</strong></span> <span class='ocrx_word' id='word_1_343' title='bbox 1648 3472 1828 3542; x_wconf 79' lang='lat' dir='ltr'><strong>silium,</strong></span> <span class='ocrx_word' id='word_1_344' title='bbox 1872 3471 2130 3540; x_wconf 82' lang='lat' dir='ltr'><strong>Johapnis</strong></span> <span class='ocrx_word' id='word_1_345' title='bbox 2156 3474 2304 3542; x_wconf 72' lang='lat' dir='ltr'><strong>regis</strong></span> 
     </span>
     <span class='ocr_line' id='line_1_38' title="bbox 76 3558 2306 3635; baseline -0.001 -17"><span class='ocrx_word' id='word_1_346' title='bbox 76 3560 281 3621; x_wconf 78' lang='lat' dir='ltr'><strong>Galliae</strong></span> <span class='ocrx_word' id='word_1_347' title='bbox 316 3568 592 3635; x_wconf 77' lang='lat' dir='ltr'><strong>nepotem,</strong></span> <span class='ocrx_word' id='word_1_348' title='bbox 636 3574 775 3632; x_wconf 77' lang='lat' dir='ltr'><strong>quae</strong></span> <span class='ocrx_word' id='word_1_349' title='bbox 802 3563 877 3616; x_wconf 88' lang='lat' dir='ltr'><strong>ita</strong></span> <span class='ocrx_word' id='word_1_350' title='bbox 905 3574 968 3617; x_wconf 92' lang='lat' dir='ltr'><strong>se</strong></span> <span class='ocrx_word' id='word_1_351' title='bbox 1002 3559 1180 3616; x_wconf 85' lang='lat' dir='ltr'><strong>babet.</strong></span> <span class='ocrx_word' id='word_1_352' title='bbox 1254 3559 1385 3617; x_wconf 87' lang='lat' dir='ltr'><strong>Cum</strong></span> <span class='ocrx_word' id='word_1_353' title='bbox 1415 3560 1634 3617; x_wconf 72' lang='lat' dir='ltr'><strong>liuberti</strong></span> <span class='ocrx_word' id='word_1_354' title='bbox 1663 3562 1813 3616; x_wconf 84' lang='lat' dir='ltr'><strong>ducis</strong></span> <span class='ocrx_word' id='word_1_355' title='bbox 1841 3560 2119 3616; x_wconf 80' lang='lat' dir='ltr'><strong>Barrensis</strong></span> <span class='ocrx_word' id='word_1_356' title='bbox 2143 3558 2306 3617; x_wconf 84' lang='lat' dir='ltr'><strong>liberi</strong></span> 
     </span>
     <span class='ocr_line' id='line_1_39' title="bbox 74 3647 2310 3723; baseline 0.001 -18"><span class='ocrx_word' id='word_1_357' title='bbox 74 3663 244 3709; x_wconf 78' lang='lat' dir='ltr'><strong>mares</strong></span> <span class='ocrx_word' id='word_1_358' title='bbox 274 3659 332 3710; x_wconf 90' lang='lat' dir='ltr'><strong>et</strong></span> <span class='ocrx_word' id='word_1_359' title='bbox 358 3657 591 3723; x_wconf 85' lang='lat' dir='ltr'><strong>nepotes</strong></span> <span class='ocrx_word' id='word_1_360' title='bbox 619 3649 966 3721; x_wconf 83' lang='lat' dir='ltr'><strong>cecidissent,</strong></span> <span class='ocrx_word' id='word_1_361' title='bbox 995 3649 1217 3704; x_wconf 88' lang='lat' dir='ltr'><strong>ducatus</strong></span> <span class='ocrx_word' id='word_1_362' title='bbox 1243 3648 1311 3704; x_wconf 79' lang='lat' dir='ltr'><strong>ad</strong></span> <span class='ocrx_word' id='word_1_363' title='bbox 1338 3647 1504 3706; x_wconf 82' lang='lat' dir='ltr'><strong>liliam</strong></span> <span class='ocrx_word' id='word_1_364' title='bbox 1529 3649 1811 3706; x_wconf 82' lang='lat' dir='ltr'><strong>Jolandam</strong></span> <span class='ocrx_word' id='word_1_365' title='bbox 1839 3650 2070 3719; x_wconf 79' lang='lat' dir='ltr'><strong>devenit,</strong></span> <span class='ocrx_word' id='word_1_366' title='bbox 2098 3647 2310 3707; x_wconf 72' lang='lat' dir='ltr'><strong>John-</strong></span> 
     </span>
     <span class='ocr_line' id='line_1_40' title="bbox 78 3735 2312 3811; baseline 0 -17"><span class='ocrx_word' id='word_1_367' title='bbox 78 3740 161 3794; x_wconf 79' lang='lat' dir='ltr'><strong>ais</strong></span> <span class='ocrx_word' id='word_1_368' title='bbox 183 3741 517 3811; x_wconf 78' lang='lat' dir='ltr'><strong>Ari-agonum</strong></span> <span class='ocrx_word' id='word_1_369' title='bbox 545 3741 689 3809; x_wconf 80' lang='lat' dir='ltr'><strong>regis</strong></span> <span class='ocrx_word' id='word_1_370' title='bbox 716 3752 955 3810; x_wconf 84' lang='lat' dir='ltr'><strong>uxorem,</strong></span> <span class='ocrx_word' id='word_1_371' title='bbox 982 3753 1050 3795; x_wconf 84' lang='lat' dir='ltr'><strong>ex</strong></span> <span class='ocrx_word' id='word_1_372' title='bbox 1069 3753 1173 3810; x_wconf 85' lang='lat' dir='ltr'><strong>qua</strong></span> <span class='ocrx_word' id='word_1_373' title='bbox 1202 3742 1379 3794; x_wconf 82' lang='lat' dir='ltr'><strong>natam</strong></span> <span class='ocrx_word' id='word_1_374' title='bbox 1415 3738 1694 3795; x_wconf 88' lang='lat' dir='ltr'><strong>Jolandam</strong></span> <span class='ocrx_word' id='word_1_375' title='bbox 1738 3738 1976 3793; x_wconf 80' lang='lat' dir='ltr'><strong>alteram.</strong></span> <span class='ocrx_word' id='word_1_376' title='bbox 2001 3735 2312 3794; x_wconf 65' lang='lat' dir='ltr'><strong>Ludovieus»</strong></span> 
     </span>
     <span class='ocr_line' id='line_1_41' title="bbox 76 3824 2305 3900; baseline 0 -17"><span class='ocrx_word' id='word_1_377' title='bbox 76 3824 168 3883; x_wconf 84' lang='lat' dir='ltr'><strong>ille</strong></span> <span class='ocrx_word' id='word_1_378' title='bbox 192 3829 360 3900; x_wconf 86' lang='lat' dir='ltr'><strong>duxit,</strong></span> <span class='ocrx_word' id='word_1_379' title='bbox 390 3836 593 3885; x_wconf 82' lang='lat' dir='ltr'><strong>etcum</strong></span> <span class='ocrx_word' id='word_1_380' title='bbox 625 3844 690 3885; x_wconf 91' lang='lat' dir='ltr'><strong>ea</strong></span> <span class='ocrx_word' id='word_1_381' title='bbox 710 3829 1023 3885; x_wconf 78' lang='lat' dir='ltr'><strong>Burrensem</strong></span> <span class='ocrx_word' id='word_1_382' title='bbox 1053 3830 1298 3886; x_wconf 81' lang='lat' dir='ltr'><strong>ducatum</strong></span> <span class='ocrx_word' id='word_1_383' title='bbox 1328 3828 1573 3898; x_wconf 84' lang='lat' dir='ltr'><strong>obtinuit,</strong></span> <span class='ocrx_word' id='word_1_384' title='bbox 1602 3832 1657 3883; x_wconf 91' lang='lat' dir='ltr'><strong>et</strong></span> <span class='ocrx_word' id='word_1_385' title='bbox 1684 3842 1732 3882; x_wconf 86' lang='lat' dir='ltr'><strong>a.</strong></span> <span class='ocrx_word' id='word_1_386' title='bbox 1752 3826 1815 3881; x_wconf 87' lang='lat' dir='ltr'><strong>D.</strong></span> <span class='ocrx_word' id='word_1_387' title='bbox 1838 3826 1991 3883; x_wconf 89' lang='grc'><strong>1415.</strong></span> <span class='ocrx_word' id='word_1_388' title='bbox 2017 3826 2305 3884; x_wconf 75' lang='lat' dir='ltr'><strong>defunctas</strong></span> 
     </span>
     <span class='ocr_line' id='line_1_42' title="bbox 78 3909 2306 3990; baseline 0.002 -22"><span class='ocrx_word' id='word_1_389' title='bbox 78 3909 185 3972; x_wconf 80' lang='lat' dir='ltr'><strong>filio</strong></span> <span class='ocrx_word' id='word_1_390' title='bbox 208 3917 415 3974; x_wconf 77' lang='lat' dir='ltr'><strong>Renato</strong></span> <span class='ocrx_word' id='word_1_391' title='bbox 434 3919 668 3990; x_wconf 79' lang='lat' dir='ltr'><strong>reliquit,</strong></span> <span class='ocrx_word' id='word_1_392' title='bbox 687 3920 797 3988; x_wconf 87' lang='lat' dir='ltr'><strong>qui,</strong></span> <span class='ocrx_word' id='word_1_393' title='bbox 818 3916 1046 3972; x_wconf 80' lang='lat' dir='ltr'><strong>isabella</strong></span> <span class='ocrx_word' id='word_1_394' title='bbox 1071 3916 1444 3986; x_wconf 85' lang='lat' dir='ltr'><strong>Lotharingica</strong></span> <span class='ocrx_word' id='word_1_395' title='bbox 1459 3917 1634 3987; x_wconf 82' lang='lat' dir='ltr'><strong>ducta,</strong></span> <span class='ocrx_word' id='word_1_396' title='bbox 1658 3915 2028 3985; x_wconf 77' lang='lat' dir='ltr'><strong>Lotharingiae</strong></span> <span class='ocrx_word' id='word_1_397' title='bbox 2043 3915 2306 3985; x_wconf 61' lang='lat' dir='ltr'><strong>Batiam</strong></span> 
     </span>
     <span class='ocr_line' id='line_1_43' title="bbox 78 3998 2306 4078; baseline 0.001 -24"><span class='ocrx_word' id='word_1_398' title='bbox 78 3998 179 4057; x_wconf 85' lang='lat' dir='ltr'><strong>dux</strong></span> <span class='ocrx_word' id='word_1_399' title='bbox 204 4004 417 4061; x_wconf 90' lang='lat' dir='ltr'><strong>habitus</strong></span> <span class='ocrx_word' id='word_1_400' title='bbox 448 4012 548 4061; x_wconf 89' lang='lat' dir='ltr'><strong>est.</strong></span> <span class='ocrx_word' id='word_1_401' title='bbox 622 4005 731 4062; x_wconf 83' lang='lat' dir='ltr'><strong>Sed</strong></span> <span class='ocrx_word' id='word_1_402' title='bbox 779 4022 897 4061; x_wconf 86' lang='lat' dir='ltr'><strong>cum</strong></span> <span class='ocrx_word' id='word_1_403' title='bbox 942 4020 1011 4061; x_wconf 82' lang='lat' dir='ltr'><strong>ex</strong></span> <span class='ocrx_word' id='word_1_404' title='bbox 1038 4008 1160 4078; x_wconf 83' lang='lat' dir='ltr'><strong>ipso</strong></span> <span class='ocrx_word' id='word_1_405' title='bbox 1206 4010 1370 4062; x_wconf 88' lang='lat' dir='ltr'><strong>etiam</strong></span> <span class='ocrx_word' id='word_1_406' title='bbox 1411 4007 1634 4061; x_wconf 89' lang='lat' dir='ltr'><strong>masculi</strong></span> <span class='ocrx_word' id='word_1_407' title='bbox 1680 4003 2027 4077; x_wconf 75' lang='lat' dir='ltr'><strong>defecissent,</strong></span> <span class='ocrx_word' id='word_1_408' title='bbox 2073 4001 2306 4060; x_wconf 81' lang='lat' dir='ltr'><strong>Jolanda</strong></span> 
     </span>
     <span class='ocr_line' id='line_1_44' title="bbox 78 4085 2301 4166; baseline 0 -20"><span class='ocrx_word' id='word_1_409' title='bbox 78 4085 344 4150; x_wconf 81' lang='lat' dir='ltr'><strong>Friderico</strong></span> <span class='ocrx_word' id='word_1_410' title='bbox 373 4095 720 4152; x_wconf 75' lang='lat' dir='ltr'><strong>vademontis</strong></span> <span class='ocrx_word' id='word_1_411' title='bbox 763 4096 943 4150; x_wconf 84' lang='lat' dir='ltr'><strong>comiti</strong></span> <span class='ocrx_word' id='word_1_412' title='bbox 983 4100 1149 4166; x_wconf 88' lang='lat' dir='ltr'><strong>nupta</strong></span> <span class='ocrx_word' id='word_1_413' title='bbox 1189 4101 1297 4150; x_wconf 89' lang='lat' dir='ltr'><strong>tam</strong></span> <span class='ocrx_word' id='word_1_414' title='bbox 1343 4095 1575 4165; x_wconf 81' lang='lat' dir='ltr'><strong>opimam</strong></span> <span class='ocrx_word' id='word_1_415' title='bbox 1627 4092 2010 4152; x_wconf 84' lang='lat' dir='ltr'><strong>haereditatem</strong></span> <span class='ocrx_word' id='word_1_416' title='bbox 2050 4091 2301 4162; x_wconf 82' lang='lat' dir='ltr'><strong>exemplo</strong></span> 
     </span>
     <span class='ocr_line' id='line_1_45' title="bbox 80 4178 2304 4256; baseline 0.004 -28"><span class='ocrx_word' id='word_1_417' title='bbox 80 4178 232 4236; x_wconf 80' lang='lat' dir='ltr'><strong>aviae</strong></span> <span class='ocrx_word' id='word_1_418' title='bbox 258 4184 592 4251; x_wconf 81' lang='lat' dir='ltr'><strong>cognominis</strong></span> <span class='ocrx_word' id='word_1_419' title='bbox 621 4186 676 4240; x_wconf 88' lang='lat' dir='ltr'><strong>in</strong></span> <span class='ocrx_word' id='word_1_420' title='bbox 706 4182 871 4239; x_wconf 80' lang='lat' dir='ltr'><strong>lilium</strong></span> <span class='ocrx_word' id='word_1_421' title='bbox 898 4183 1174 4256; x_wconf 83' lang='lat' dir='ltr'><strong>Renatum,</strong></span> <span class='ocrx_word' id='word_1_422' title='bbox 1212 4184 1391 4238; x_wconf 88' lang='lat' dir='ltr'><strong>lineae</strong></span> <span class='ocrx_word' id='word_1_423' title='bbox 1431 4197 1574 4239; x_wconf 87' lang='lat' dir='ltr'><strong>nunc</strong></span> <span class='ocrx_word' id='word_1_424' title='bbox 1600 4197 1817 4255; x_wconf 82' lang='lat' dir='ltr'><strong>quoque</strong></span> <span class='ocrx_word' id='word_1_425' title='bbox 1853 4181 2090 4240; x_wconf 83' lang='lat' dir='ltr'><strong>florentis</strong></span> <span class='ocrx_word' id='word_1_426' title='bbox 2124 4185 2304 4250; x_wconf 87' lang='lat' dir='ltr'><strong>caput,</strong></span> 
     </span>
     <span class='ocr_line' id='line_1_46' title="bbox 82 4264 2304 4342; baseline 0 -18"><span class='ocrx_word' id='word_1_427' title='bbox 82 4264 383 4342; x_wconf 58' lang='lat' dir='ltr'><strong>mulsit,</strong></span> <span class='ocrx_word' id='word_1_428' title='bbox 411 4275 497 4328; x_wconf 90' lang='lat' dir='ltr'><strong>cui</strong></span> <span class='ocrx_word' id='word_1_429' title='bbox 525 4287 574 4329; x_wconf 79' lang='lat' dir='ltr'><strong>a.</strong></span> <span class='ocrx_word' id='word_1_430' title='bbox 613 4271 673 4329; x_wconf 87' lang='lat' dir='ltr'><strong>D.</strong></span> <span class='ocrx_word' id='word_1_431' title='bbox 708 4273 859 4330; x_wconf 87' lang='grc'><strong>1508.</strong></span> <span class='ocrx_word' id='word_1_432' title='bbox 889 4271 1142 4330; x_wconf 75' lang='lat' dir='ltr'><strong>defuncto</strong></span> <span class='ocrx_word' id='word_1_433' title='bbox 1170 4274 1427 4329; x_wconf 81' lang='lat' dir='ltr'><strong>Antonius</strong></span> <span class='ocrx_word' id='word_1_434' title='bbox 1455 4272 1561 4330; x_wconf 81' lang='lat' dir='ltr'><strong>dux</strong></span> <span class='ocrx_word' id='word_1_435' title='bbox 1600 4274 1881 4330; x_wconf 79' lang='lat' dir='ltr'><strong>successit.</strong></span> <span class='ocrx_word' id='word_1_436' title='bbox 1951 4271 2030 4326; x_wconf 81' lang='lat' dir='ltr'><strong>Ex</strong></span> <span class='ocrx_word' id='word_1_437' title='bbox 2068 4283 2138 4340; x_wconf 86' lang='lat' dir='ltr'><strong>eo</strong></span> <span class='ocrx_word' id='word_1_438' title='bbox 2181 4284 2304 4325; x_wconf 88' lang='lat' dir='ltr'><strong>mu-</strong></span> 
     </span>
    </p>
   </div>
  </div>
 </body>
</html>
