2817 4959
565 328 1102 400 ANNALES
1169 331 1666 400 IMPERII-
2080 339 2205 405 565

45 505 164 561 utris
193 504 485 577 ecclesiae,
512 504 747 563 claustra
765 509 1141 565 canonicorum
1159 508 1465 576 succendit3
1494 506 1793 566 obsidionis
1818 510 1999 566 tamen
2025 510 2205 568 irritus
2235 516 2300 584 Α,
2322 510 2453 587 943,

45 596 228 666 cessit,
267 609 372 651 nec
412 598 666 652 structam
695 610 726 651 a
754 596 1063 667 Ragenoldo
1103 599 1449 654 munitionem
1477 597 1727 654 Rauciaci
1759 612 1923 668 super
1948 600 2206 672 Axonam,

45 687 86 740 si
111 681 485 754 imperfectam
513 698 706 756 capere
733 688 921 757 potuit,
961 685 1120 741 villas
1155 691 1336 743 tamen
1376 686 1657 744 Remensis
1700 686 1972 744 ecclesiae
2012 690 2207 745 castris

46 776 91 829 is
122 774 406 843 contiguas
434 772 747 844 devastavit,
785 776 841 828 et
876 775 930 828 in
958 772 1315 831 Culmisciaco
1336 777 1466 832 -vico
1503 774 1956 833 infraecclesiam
1982 781 2039 833 et
2066 778 2212 834 circa

46 878 95 917 ιι
141 862 262 919 iere
301 860 718 932 quadringentos
758 860 1003 918 homines
1044 863 1329 919 interemit.
1398 863 1472 919 At
1509 865 1708 920 milites
1748 864 1836 934 (id
1863 869 1950 919 est
1984 865 2211 934 vasalli)

45 954 263 1007 emensis
295 951 582 1021 ecclesiae,
622 952 713 1020 qui
742 950 980 1020 Hugonis
1008 954 1189 1021 partes
1217 954 1393 1008 secuti
1421 951 1650 1024 fueraut,
1682 953 1751 1009 ad
1769 951 2051 1009 ·Artaldum
2080 954 2209 1008 red-

45 1054 106 1109 fe,
149 1053 293 1109 quos
333 1039 427 1095 ille
468 1040 657 1108 partim
698 1038 917 1094 redditis
946 1037 1109 1094 rebus
1141 1043 1363 1113 recepit,
1402 1042 1593 1111 partim
1621 1043 1828 1111 rejecit.
1900 1039 1982 1095 Ex
2006 1041 2094 1096 bis
2121 1043 2212 1097 in·-

46 1129 290 1199 ligimus,
329 1128 662 1183 Normannos
705 1132 830 1183 tunc
855 1128 1177 1196 impartiens
1207 1128 1446 1199 Hugonis
1476 1129 1664 1199 fuisse,
1708 1132 1859 1199 cujus
1887 1127 2000 1185 filia
2025 1128 2211 1187 Emma

45 1218 244 1273 charde
271 1215 395 1272 duci
423 1210 779 1286 adolescenti,
800 1221 1115 1286 procurante
1142 1216 1856 1289 Bernardc²Sylvanectensi,
1883 1218 2211 1289 desponsata

45 1312 88 1379 kt,
130 1310 199 1361 ut
228 1318 296 1360 ex
321 1303 560 1360 Dudonis
595 1303 818 1361 historia
859 1308 1086 1378 constat,
1127 1306 1232 1362 etsi
1253 1309 1470 1378 tempus
1499 1305 1732 1378 perfecti
1756 1306 2008 1364 connubii
2036 1310 2212 1364 serius

45 1396 261 1453 beatur.

113 1485 210 1540 25.
286 1481 409 1539 Post
447 1480 583 1538 haec
609 1482 858 1539 Treviros
886 1481 953 1538 ad
986 1497 1180 1540 novam
1194 1480 1205 1509 ⁵
1220 1486 1478 1556 synodum
1521 1485 1740 1542 Octobri
1776 1498 1963 1543 mense
2000 1484 2211 1542 haben·
2310 1492 2315 1497 '

46 1589 93 1628 ιιι
140 1570 502 1644 proficiscitur
529 1570 780 1627 Artaldus
820 1586 939 1627 cum
976 1574 1249 1645 episcopis
1277 1574 1505 1631 Widone
1541 1575 1942 1647 suessionensi,
1979 1573 2209 1631 liedulfo

45 1661 341 1732 ludunensi,
384 1658 623 1716 wifredo
667 1658 976 1732 morinensi,
1018 1660 1072 1716 id
1114 1666 1201 1717 est
1240 1662 1670 1720 'l'erovanensem
1717 1669 1772 1719 et
1816 1663 2211 1719 Bononiensem

46 1751 275 1806 clesiam
304 1752 542 1816 regente.
612 1747 690 1804 lbi
710 1747 964 1803 Marinum
984 1753 1041 1804 et
1058 1748 1383 1822 Rotbertum‚
1414 1751 1513 1806 sed
1539 1765 1648 1807 non
1675 1751 1813 1807 alios
1833 1750 2212 1808 Letharienses

46 1844 70 1895 t
98 1840 399 1895 Germanos
441 1837 718 1907 praesules
759 1839 1032 1905 invenere.
1088 1837 1322 1894 Marinus
1364 1839 1431 1895 de
1465 1840 1691 1908 Hagone
1716 1841 1958 1911 principe
1986 1842 2210 1911 quaerit,

46 1964 49 1981 ι
85 1928 279 1984 literas
320 1926 608 1996 acceperit,
649 1923 842 1995 quibus
872 1926 1181 1999 vecabatur,
1222 1927 1489 1998 quomedo
1532 1941 1598 1984 se
1636 1930 1884 1997 gesserit.
1965 1928 2215 2000 Respon-

48 2032 94 2072 m
122 2014 513 2086 est‚.q=asdam
540 2012 792 2083 perlatas,
832 2017 1100 2071 caeterum
1129 2018 1361 2084 grassari
1387 2029 1496 2071 non
1526 2016 1822 2074 destitisse.
1893 2017 2053 2072 Wido
2079 2031 2212 2088 pro-

45 2110 176 2161 fatus
223 2104 431 2174 culpam
477 2101 687 2174 fatetur,
731 2103 1186 2160 intercedentibus
1229 2103 1486 2160 liutberto
1531 2107 1590 2161 et
1632 2104 1854 2162 Artaldo
1899 2104 2211 2162 absolvitur.

46 2192 278 2251 'ifredum
307 2208 337 2248 a
363 2193 525 2246 noxia
551 2192 887 2247 ordinatione
920 2195 1208 2248 immunem
1235 2206 1362 2251 esse
1391 2196 1648 2251 constitit.
1720 2193 2066 2250 'transmarus
2095 2193 2212 2250 No-

45 2283 277 2337 omensis
305 2278 500 2336 absens
529 2277 605 2333 ob
627 2278 868 2335 morbum
896 2284 1183 2337 excusatus
1213 2284 1318 2337 est<
1386 2282 1564 2338 Tertia
1600 2282 1704 2353 die,
1745 2284 2032 2339 insistente
2058 2280 2212 2337 Luit-

45 2365 341 2437 llio-legato
369 2372 426 2424 et
457 2367 738 2439 capellano
765 2370 910 2437 regis
931 2368 1142 2425 ottenis
1168 2372 1288 2440 (eo,
1316 2370 1524 2442 opinor,
1551 2372 1644 2442 qui
1672 2370 1867 2427 deinde
1895 2370 2127 2427 Brunoni
2155 2372 2215 2428 in

49 2458 361 2514 ncellariatu
392 2458 713 2526 successit),-
743 2470 1046 2513 cunr-nemo
1073 2456 1141 2512 ab
1172 2457 1398 2526 lingone
1425 2458 1661 2532 adesset,
1690 2459 1893 2516 fulmen
1920 2472 2129 2515 sacrum
2156 2460 2215 2516 in

45 2559 259 2616 igonem
282 2547 529 2601 comitem
557 2543 814 2601 rebellem
841 2544 1112 2601 Ludovico
1139 2548 1255 2615 reg-i
1280 2561 1380 2603 suo
1410 2548 1871 2617 ecclesiarumque
1886 2550 2214 2603 vastatorem

45 2636 225 2705 lttitur,
269 2634 567 2690 excluditur
611 2635 981 2690 communione
1029 2630 1284 2704 fidelium,
1341 2634 1516 2690 donec
1557 2636 1861 2704 resipiscat,
1908 2637 1965 2688 et
2008 2633 2096 2691 vel
2142 2634 2213 2690 ad

45 2724 408 2780 tisiactionem
448 2737 627 2779 coram
667 2722 873 2779 Marino
913 2721 1092 2790 legato
1120 2724 1212 2776 aut
1238 2722 1512 2792 episcopis
1527 2710 1572 2776 'a
1601 2736 1662 2778 se
1690 2722 1857 2778 laesis
1884 2723 2083 2793 veniat,
2122 2721 2213 2777 vel

46 2812 157 2868 ÷boc
190 2811 372 2868 facere
400 2811 749 2882 neglexisset,
776 2810 844 2866 ad
872 2810 1155 2881 petendam
1176 2807 1569 2865 absolutionem
1591 2810 1806 2866 Romam
1826 2809 2209 2880 proficiscatur.

45 2901 515 2957 :communicantur
552 2904 607 2958 et
641 2899 746 2957 duo
782 2898 1252 2971 pseudoepiscopi,
1292 2896 1358 2953 ab
1388 2897 1615 2968 lingone
1641 2900 1847 2953 intruso
1877 2900 1934 2953 et
1960 2897 2211 2953 damnato

46 2988 229 3062 dinati,
258 2990 404 3061 prior
430 2988 720 3045 'tetbaldus
748 2991 872 3059 post
899 2987 1270 3058 expulsionem
1299 2985 1539 3056 Hugonis
1568 2987 1707 3058 apud
1732 2985 2043 3059 Ambianos,
2073 2985 2214 3043 alter

45 3094 74 3132 o
100 3082 229 3149 post
252 3081 424 3150 ipsam
462 3077 871 3133 damnationem.
941 3074 1189 3132 Vocatur·
1212 3078 1269 3131 et
1309 3074 1650 3144 Hildegarius
1688 3073 2112 3147 Bellovacensis‚
2151 3079 2213 3131 ut

45 3165 69 3218 el
97 3168 161 3223 ad
190 3167 448 3223 Marinum
476 3167 673 3237 venian
698 3165 787 3222 vel
815 3164 1033 3221 Romam
1062 3169 1166 3236 eat,
1190 3166 1453 3220 rationem
1479 3163 1796 3235 redditurus,
1835 3163 1978 3235 quod
2004 3164 2213 3219 illicitis

46 3256 89 3308 is
117 3254 543 3311 ordinationibus
570 3256 968 3310 intervenssset.
1039 3253 1135 3308 His
1152 3255 1316 3325 -actis,
1345 3253 1589 3325 episcopi
1618 3253 1831 3308 domum
1859 3238 2210 3322 revertuntur,

45 3345 327 3413 sciturque
361 3343 632 3399 Ludovico
672 3344 788 3412 regi
828 3341 989 3414 filius,
1003 3354 1172 3412 quem
1202 3340 1452 3398 Artaldus
1480 3341 1551 3397 de
1578 3353 1733 3397 sacro
1771 3340 1921 3397 sonte
1949 3343 2210 3413 suscepit,

45 3434 260 3502 [trisque
289 3435 341 3489 ei
368 3446 564 3490 nomen
592 3434 865 3502 imposuit.

120 3520 208 3578 26.
281 3521 406 3578 Otto
433 3519 736 3593 (referente
762 3518 1046 3589 Alberico)
1073 3519 1347 3576 Fulberto
1354 3518 1730 3577 Cameracensi
1752 3521 2010 3592 episcopo
2039 3516 2209 3572 abba-

45 3624 107 3665 tm
135 3610 191 3666 S.
213 3608 496 3680 Gangerici
525 3610 685 3666 dedit.
759 3608 1036 3665 Liudull'us
1078 3608 1287 3678 legatus
1330 3607 1545 3664 Ottonis
1583 3609 1842 3664 Marinum
1873 3607 2107 3663 Treviris
2144 3604 2213 3659 ad

45 3714 103 3753 ιιιι
130 3702 186 3755 ιιι
216 3698 757 3755 Germaniam-duxit.
831 3697 1162 3753 Frodoardus
1204 3700 1295 3770 ait,
1330 3699 1387 3754 in
1428 3697 1713 3753 saxoniam
1756 3696 1998 3759 ductum3
2041 3690 2213 3747 abusu

45 3802 89 3841 m
113 3792 225 3843 tum
253 3788 392 3860 apud
423 3786 606 3844 Gallos
634 3787 1025 3857 invalescente,
1048 3787 1191 3858 quod
1218 3801 1440 3857 regnum
1470 3801 1535 3843 eo
1567 3790 1808 3855 tempore
1835 3796 2007 3854 penes
2035 3781 2213 3837 Saxo-

45 3890 83 3930 =s
122 3880 287 3935 esset.
357 3878 483 3949 lpse
526 3875 706 3947 relert,
752 3876 829 3931 ibi
867 3889 1059 3931 novam
1104 3875 1292 3932 aedem
1335 3889 1543 3931 sacram
1582 3874 1861 3929 Fuldensis
1903 3873 2215 3927 monasterii

45 3978 355 4039 ›nsecrasse,
395 3979 534 4037 quae
562 3968 745 4035 utique
781 3966 835 4020 in
863 3964 1096 4020 Saxonia
1120 3978 1229 4020 non
1257 3969 1356 4021 est.
1431 3964 1713 4019 Browerus
1741 3959 2083 4016 Fuldensium
2111 3973 2214 4015 an-

45 4056 281 4110 'uitatum
310 4057 539 4126 scriptor
566 4069 635 4110 ex
662 4054 880 4123 antiquo
907 4052 1017 4109 loci
1044 4053 1233 4109 codice
1261 4051 1456 4117 relert3
1500 4050 1895 4106 dedicationem
1923 4054 2213 4121 peractam,

45 4149 264 4200 memte
295 4144 500 4215 ottone,
527 4145 588 4200 in
610 4158 806 4214 mayno
827 4140 1139 4211 pontificum
1158 4142 1449 4212 populique
1475 4132 1757 4194 christiani
1781 4144 1953 4210 coctu,
1980 4140 2098 4208 ipsa
2126 4137 2216 4190 die

45 4232 221 4285 mium
246 4237 581 4300 sanctorum,
616 4245 753 4303 quac
777 4232 948 4303 hodic,
987 4235 1047 4286 ut
1075 4230 1221 4287 addit
1246 4232 1476 4301 scriptor
1504 4227 1664 4299 idem,
1691 4232 1936 4284 mercatu
1962 4227 2134 4296 mqic
2160 4228 2214 4280 ct

45 4332 173 4372 tnnc
198 4323 591 4377 nundinatione
616 4322 729 4375 ritu
754 4323 1151 4392 encaeniorum,
1167 4334 1331 4392 quam
1349 4320 1612 4389 rcliyione
1626 4318 1809 4391 tempti
1817 4317 2214 4388 frequentatur.

45 4386 132 4459 ‘tvo
162 4404 429 4481 Corbejae
465 4424 638 4466 novae
667 4408 834 4465 abbas
867 4408 998 4478 obit,
1038 4410 1120 4463 vir
1148 4409 1364 4479 'sapiens
1394 4411 1451 4463 et
1478 4406 1670 4463 clarus.
1745 4407 1823 4460 lta
1851 4404 1926 4459 ad
1945 4402 2086 4458 bunc
2112 4414 2216 4455 an-

45 4508 103 4548 nn
133 4499 402 4556 annalista
428 4504 612 4557 noster
640 4502 694 4556 et
722 4497 849 4556 fasti
874 4497 1191 4555 Fuldeases.
1262 4497 1531 4554 Laudatur
1558 4500 1613 4553 et
1631 4511 1661 4551 a
1683 4492 1991 4563 witikindo,
2022 4491 2110 4560 qui
2139 4491 2217 4544 ait
