2817 4959
523 259 661 334 2OE
1103 260 1647 334 ANNALES
1705 259 2165 332 IMPERII

279 435 494 511 Μία
520 438 690 497 nmis
715 450 969 510 passm
994 435 1194 511 placita
1221 437 1518 496 cosmum
1533 440 1637 494 ..ιι
1657 435 2034 508 hospitaretur,
2077 436 2289 508 injussu
2324 435 2592 497 soumis
2633 442 2741 514 epi-

524 531 677 601 scopi
705 534 795 584 aut
821 540 1195 584 successorum
1223 531 1358 599 ejus,
1398 525 1637 583 indulsit.
1698 525 1814 582 Hae
1842 527 2227 582 concessiones
2271 524 2450 583 iactae
2478 528 2751 600 ecclesiis,

520 616 774 691 profuere
787 617 1002 688 *passim
1027 614 1248 671 urbibus
1275 620 1335 673 et
1355 613 1659 672 libertatem
1687 614 1944 681 attulere;
1970 628 2093 670 cum
2120 615 2367 686 episcopi
2390 614 2539 671 haud
2566 621 2743 674 armati

518 712 576 764 et
599 706 719 762 fere
746 706 912 761 creati
940 718 973 760 a
999 705 1112 760 suis
1142 704 1349 760 civibus
1375 704 1549 775 (apud
1577 702 1741 758 ltalos
1768 703 2114 772 praesertim)
2140 705 2196 759 iu
2224 703 2410 774 populi
2440 710 2499 760 et
2528 711 2739 763 senatus

516 797 791 866 potestate
817 806 944 850 esse
970 791 1226 850 solerent.
1280 793 1380 848 Hic
1426 793 1589 848 etiam
1630 804 1925 848 memorare
1965 792 2159 863 placet,
2208 793 2350 863 quod
2391 792 2667 851 Candidus
2689 797 2739 854 in

515 882 987 954 Aquilegiensibus
1015 883 1222 938 notavit
1245 881 1622 950 Berengarium
1649 879 1871 936 Venetis
1892 884 1982 950 jus
2011 881 2305 949 signandae
2317 885 2739 949 argenteaemo-

515 975 681 1028 netae
706 970 940 1043 dedisse,
982 971 1125 1042 qued
1150 972 1227 1027 ita
1269 971 1608 1041 interpretor,
1649 972 1707 1022 ut
1733 981 1853 1024 eam
1878 968 2051 1039 recipi
2091 970 2147 1025 in
2172 969 2330 1026 ltalia
2364 968 2474 1026 sibi
2502 970 2741 1042 subjecta

519 1061 842 1132 permiserit.

660 1149 745 1205 18.
816 1149 924 1205 Sed
949 1159 1091 1205 nunc
1116 1145 1410 1204 iohannem
1449 1159 1638 1219 papam
1678 1147 1736 1203 in
1761 1144 2059 1202 Saracenos
2089 1150 2389 1202 moventem
2417 1152 2740 1221 spectemus,

517 1249 678 1310 quem
703 1250 813 1294 non
839 1239 1011 1293 minus
1039 1251 1074 1293 a
1097 1236 1283 1308 Marte,
1311 1248 1467 1307 quam
1496 1249 1531 1291 a
1554 1234 1767 1291 Venere
1793 1233 2147 1305 Luitprandus
2174 1236 2529 1292 commendat.
2579 1236 2741 1295 Mauri

515 1324 586 1383 ab
628 1324 807 1381 Africa
838 1328 952 1394 jam
992 1339 1043 1381 a.
1071 1323 1134 1381 1).
1160 1324 1283 1381 846.
1312 1327 1548 1380 montem
1590 1323 1854 1393 quendam
1896 1324 2305 1380 munitissimum
2345 1328 2652 1382 centesimo
2679 1326 2767 1406 ⁸¹³.

514 1412 649 1470 urbe
675 1413 854 1486 lapide
884 1417 1220 1486 occuparant,
1253 1412 1484 1470 testibus
1512 1410 1791 1467 annalibus
1815 1410 2150 1468 Bertinianis.
2203 1411 2521 1468 Garilianum
2552 1412 2740 1487 ruisse,

517 1503 813 1560 verisimile
850 1500 1056 1569 babr·o;
1105 1501 1203 1558 sed
1241 1515 1348 1557 non
1392 1502 1647 1571 tenuisse,
1679 1505 1880 1554 certum
1923 1504 2023 1571 est,
2056 1515 2176 1556 cum
2202 1501 2366 1556 etiam
2392 1502 2682 1559 ulteriores
2709 1518 2744 1560 a

514 1589 789 1647 Ludovico
818 1590 885 1646 11.
916 1593 1140 1659 augusto
1180 1589 1368 1660 pulsos
1398 1592 1627 1646 constet.
1684 1586 1795 1643 Sed
1822 1589 2190 1658 experimento
2217 1587 2420 1645 loci'ad
2447 1603 2739 1648 excurren-

513 1679 638 1735 dum
667 1677 931 1735 commodi
959 1678 1128 1733 semel
1157 1680 1348 1749 sumto,
1376 1678 1586 1733 redisse
1614 1678 1852 1746 apparet,
1879 1675 2108 1748 scelere,
2136 1680 2196 1731 ut
2220 1674 2447 1734 refertur
2470 1677 2738 1737 Docibilis

513 1767 711 1840 Hypati
749 1766 1144 1838 cajetanorum,
1188 1767 1280 1837 qui
1319 1765 1498 1822 locum
1538 1764 1647 1820 illis
1688 1763 1933 1821 utilitatis
1975 1778 2107 1821 suae
2149 1779 2314 1822 causa
2353 1771 2639 1839 concessit,
2680 1774 2744 1827 ut

515 1858 759 1929 captivos
786 1857 1070 1926 reciperet.
1117 1855 1178 1911 ld
1203 1868 1312 1911 non
1340 1852 1502 1912 facile
1531 1857 1656 1910 ante
1683 1867 1875 1910 annum
1901 1852 2112 1910 Domini
2135 1853 2259 1910 882.
2288 1855 2603 1927 contigisse,
2627 1858 2743 1914 illic

513 1945 865 2017 ostendimus,
914 1945 1018 2002 etsi
1046 1942 1258 2015 Pagius,
1300 1944 1529 2014 diligens
1559 1946 1728 2014 autor,
1756 1943 1812 1997 in
1853 1955 2045 1996 annum
2082 1940 2206 1997 879.
2242 1947 2540 2008 retraxerit,
2580 1948 2740 2004 nimis

511 2039 701 2091 exacte
729 2038 1039 2105 computans
1068 2032 1414 2103 quadraginta
1441 2046 1610 2088 annos
1636 2032 1835 2088 Leonis
1864 2029 2145 2102 Ostiensis,
2173 2030 2368 2100 quibus
2395 2032 2511 2089 iere
2538 2032 2741 2093 barba-

509 2136 600 2179 ros
627 2121 765 2179 banc
790 2134 969 2178 arcem
994 2119 1266 2176 insedisse
1292 2121 1339 2174 is
1367 2118 1549 2190 refert,
1571 2132 1752 2188 parum
1782 2121 1924 2173 tutus
1953 2123 2104 2176 autor
2128 2118 2524 2191 chronologiae.
2573 2122 2737 2180 Porro

509 2210 653 2267 mala
677 2206 1123 2279 ing-rarescebant
1152 2209 1207 2263 in
1234 2207 1352 2264 dies
1380 2219 1414 2262 a
1439 2206 1740 2276 Saracenis,
1781 2211 1837 2261 ut
1865 2220 1934 2262 ne
1963 2205 2127 2263 Roma
2165 2208 2377 2278 quidem
2418 2214 2532 2267 tuto
2564 2211 2740 2268 devo-

506 2299 672 2354 tionis
713 2311 876 2354 causa
916 2295 983 2352 ab
1026 2309 1226 2351 occasu
1267 2294 1352 2352 vel
1400 2295 1471 2351 ab
1500 2299 1708 2350 arcturo
1736 2293 1867 2349 adiri
1907 2302 2126 2366 posset3
2170 2311 2290 2353 cum
2331 2310 2463 2355 ecce
2503 2303 2740 2357 surrexit

504 2384 719 2441 tandem
758 2382 1018 2454 pontifex,
1071 2384 1156 2437 cui
1197 2398 1293 2455 par
1333 2383 1575 2451 dignitati
1632 2384 1838 2440 animus
1878 2385 2135 2454 vigorque
2176 2389 2343 2444 esset.
2406 2387 2544 2446 Huic
2582 2389 2738 2448 iaces

504 2469 865 2539 subjiciebant
889 2470 1198 2542 Landulfus,
1226 2470 1521 2528 Beneventi
1551 2467 1849 2542 et'Capuae
1876 2474 2143 2544 princeps,
2181 2474 2377 2532 florens
2405 2479 2602 2549 aetate,
2626 2493 2739 2537 nec

504 2559 708 2618 viribus
751 2560 1080 2631 spernendus
1119 2563 1245 2631 post
1285 2562 1714 2627 conjunctionem
1755 2561 2031 2630 utriusque
2068 2564 2427 2635 principatus;
2474 2567 2570 2637 qui
2607 2573 2738 2626 ante

503 2648 713 2720 aliquot
737 2662 906 2706 annos
935 2647 1399 2721 Constantinopoli
1439 2649 1620 2720 redux,
1667 2652 1864 2706 certam
1906 2650 2223 2708 auxiliorum
2264 2666 2416 2724 spem
2457 2655 2734 2713 retulerat.

505 2736 839 2796 Gnaimarius
879 2739 1040 2795 etiam
1070 2740 1253 2808 junior
1292 2736 1744 2795 salernitanorum
1783 2743 1963 2794 rector
2000 2743 2055 2796 in
2102 2741 2292 2797 eadem
2328 2742 2559 2800 consilia
2597 2758 2737 2802 con·

503 2826 760 2897 spirabat.
833 2828 1024 2898 Itaque
1062 2842 1204 2899 papa
1243 2827 1617 2896 Berengarium
1656 2840 1837 2896 regem
1877 2830 2059 2884 excire
2101 2832 2315 2897 statuit3
2370 2829 2452 2886 illi
2493 2830 2735 2890 Graecos

505 2915 859 2973 solicitandos
900 2921 1153 2974 censent:
1196 2917 1393 2974 sactum
1434 2921 1519 2973 est
1559 2920 1853 2986 utrumque.
1914 2917 2265 2986 Berengarius
2306 2918 2526 2976 Romam
2565 2925 2732 2992 venit,

505 3016 759 3062 coronam
798 3008 975 3077 sumit,
1016 3005 1324 3077 Spoletinos
1366 3010 1422 3062 et
1463 3003 1737 3061 Camertes
1783 3004 2058 3062 submittit.
2139 3005 2477 3064 Constantini
2514 3012 2733 3081 augusti

501 3096 658 3162 pueri
684 3093 941 3163 auspiciis
968 3091 1239 3165 Nicotaus,
1269 3099 1622 3163 cognomento
1650 3093 1908 3165 Picyglus,
1938 3093 2259 3152 Graecorum
2285 3098 2561 3169 patricius,
2609 3114 2732 3157 cnm

503 3181 678 3249 copiis
703 3191 811 3235 non
839 3178 1157 3248 spernendis
1176 3183 1338 3236 venit.
1394 3181 1472 3237 lta
1492 3181 1755 3252 Umbriae,
1780 3180 1933 3255 Latii,
1952 3184 2170 3255 Samnii,
2187 3184 2425 3256 Apuliae,
2444 3184 2731 3245 Calabriae

501 3266 646 3322 vires
675 3265 1136 3323 contrahebantur.
1182 3267 1431 3324 Pontifex
1457 3271 1579 3339 ipse
1604 3273 1880 3341 (magnum
1907 3274 1989 3328 rei
2016 3271 2158 3329 bene
2185 3273 2455 3343 gerendae
2479 3290 2729 3332 momen-

501 3354 642 3424 tum)
672 3355 918 3425 accessit,
943 3358 1032 3424 qui
1059 3355 1321 3426 religione
1345 3359 1578 3427 erigeret
1605 3360 1827 3431 animos,
1856 3363 1912 3415 et
1941 3359 2130 3431 opibus
2155 3365 2496 3419 sustentaret.
2534 3364 2727 3434 ltaque

498 3446 693 3515 errant,
719 3442 810 3513 qui
838 3444 1062 3513 primum
1089 3457 1159 3500 ex
1185 3446 1340 3514 papis
1368 3444 1602 3502 Leonem
1629 3446 1712 3500 IX.
1744 3449 2035 3504 exercitum
2065 3448 2282 3507 duxisse
2309 3457 2511 3521 putant.
2576 3452 2727 3510 Fecit

494 3528 767 3588 lohannes
793 3529 1102 3588 melioribus
1129 3533 1397 3604 auspiciis,
1428 3536 1531 3589 etsi
1559 3536 1732 3590 minus
1752 3542 1903 3593 esset
1921 3537 2213 3610 probabilis
2231 3540 2405 3608 τίμιος
2432 3539 2725 3611 aderatque

497 3622 551 3676 el
577 3620 812 3677 marchio
837 3619 1130 3693 Albericus,
1160 3625 1301 3679 teste
1329 3621 1510 3679 Leone
1530 3621 1784 3695 Ostiensi,
1814 3626 1880 3682 de
1901 3641 2006 3696 quo
2034 3625 2187 3683 infra.
2244 3627 2539 3685 Garilianus
2565 3642 2717 3683 mons

495 3709 631 3765 situs
661 3715 747 3767 est
772 3710 841 3766 ad
868 3709 1024 3766 Lirim
1054 3710 1283 3782 fluvium,
1325 3725 1429 3782 qua
1457 3726 1604 3769 mare
1631 3713 1946 3770 Hetruscum
1989 3714 2151 3770 subit.
2217 3715 2277 3771 ln
2304 3716 2449 3774 valle
2475 3717 2717 3784 subjecta

494 3800 620 3852 sunt
644 3801 832 3857 ruinae
856 3799 1249 3871 Minturnarum,
1274 3802 1475 3856 veteris
1498 3801 1662 3857 urbis.
1712 3803 1848 3859 Hinc
1877 3816 2003 3873 ergo
2031 3802 2275 3874 pontifex
2299 3818 2421 3861 cum
2444 3805 2552 3862 suis
2573 3805 2719 3859 rici-

491 3885 685 3954 nisque
713 3890 914 3958 copiis;
954 3889 1105 3944 illinc
1131 3887 1322 3944 Graeci
1349 3904 1466 3946 cum
1493 3890 1838 3947 ulterioribus
1875 3894 2324 3964 oppugnationem
2359 3894 2719 3950 instituerunt.

636 3973 719 4032 19.
756 3973 1106 4045 Luitprandus
1135 3976 1416 4049 fabulatur,
1446 3978 1750 4052 Romanum,
1778 3978 2113 4036 Constantini
2143 3985 2322 4037 aetate
2347 3984 2572 4039 minoris
2600 3981 2721 4038 col-

490 4060 682 4132 legam,
718 4062 1012 4120 rebellibus
1040 4066 1264 4138 Appulis
1292 4069 1346 4121 et
1375 4066 1635 4138 Calabris,
1670 4083 1789 4124 cum
1819 4070 1938 4140 ipse
1967 4069 2250 4126 distractus
2278 4072 2335 4125 in
2362 4073 2590 4143 oriente,
2621 4082 2720 4141 per

490 4164 552 4207 se
579 4163 783 4222 poenas
811 4159 1069 4223 expetere
1094 4169 1203 4210 non
1229 4161 1435 4226 posset,
1475 4155 1771 4212 Saracenos
1800 4170 1869 4211 ex
1896 4155 2071 4212 Africa
2098 4160 2420 4216 immisisse:
2456 4159 2560 4215 bos
2588 4174 2721 4231 pro-

489 4251 649 4298 cessu
690 4242 945 4310 temporis
985 4246 1219 4298 montem
1248 4241 1571 4300 Garilianum
1615 4259 1928 4316 occupasse.
1997 4246 2146 4311 Quae
2174 4262 2333 4318 quam
2370 4247 2721 4306 cohaerentia

487 4329 612 4401 sint,
639 4330 813 4400 quivis
841 4328 1015 4385 videt:
1057 4345 1180 4386 nam
1207 4331 1474 4388 Romanus
1515 4347 1587 4389 ne
1613 4349 1755 4389 nunc
1796 4334 2009 4404 quidem
2049 4335 2321 4408 regnabat,
2361 4342 2419 4393 et
2461 4337 2719 4395 Saraceni

486 4430 520 4473 a
565 4421 644 4475 tot
682 4420 798 4487 jam
841 4418 994 4475 annis
1033 4418 1171 4474 Liris
1217 4422 1356 4476 ostio
1398 4427 1457 4478 et
1497 4424 1609 4479 suis
1650 4424 1841 4495 spoliis
1881 4423 2216 4484 incubabant.
2296 4424 2367 4483 Et
2407 4432 2593 4484 tamen
2626 4425 2718 4482 hie
