2817 4959
682 260 1216 335 ANNALES
1288 257 1750 328 IMPERII
1865 313 1872 318 .
2198 255 2324 324 651

53 450 124 508 et
154 443 510 504 christianae
534 441 618 498 rei
642 437 1093 514 propugnaculum
1126 437 1259 495 iacti
1284 438 1439 494 sunt:
1474 449 1599 492 nam
1626 437 1685 493 et
1709 431 1904 492 seculo.
1923 432 2087 490 tertio
2114 429 2326 488 decimo
2353 427 2421 498 Δ.
2438 427 2580 501 955.
2631 467 2639 475 -

58 537 357 594 Tartarea
380 532 628 602 Europae
653 530 918 586 mantes
945 542 1045 584 sua
1072 527 1227 584 clade
1252 526 1533 593 retudere;
1575 528 1632 581 et
1664 538 1809 580 nunc
1833 523 2060 579 Turcioa
2085 524 2333 592 potentia

56 629 208 700 pest
230 623 433 679 Asiam
460 619 844 690 Graeciamque
869 616 1175 674 inundatam
1215 615 1305 671 bic
1327 627 1576 685 aggerem
1601 614 1820 670 invenit.
1883 613 1964 669 Ita
1989 610 2332 681 gubernatrix

60 726 268 772 rerum
300 708 643 783 providentia
670 723 824 765 suum
852 707 1047 779 cuique
1073 702 1481 777 genti,officium
1508 701 1636 759 fatis
1664 703 1921 772 assignat.
1990 700 2144 757 Nunc
2169 700 2330 757 unius

62 800 315 861 ottonis
344 797 556 855 fortuna
583 797 872 854 Normanni
894 797 1098 867 pariter
1123 799 1179 852 et
1204 795 1457 866 limari,
1497 791 1698 850 tamdiu
1737 789 1925 847 hostes
1952 791 2131 862 regnis
2158 788 2331 846 Fran-

67 905 299 961 corum,
332 886 606 944 formidari
634 886 925 943 desierunt.

226 978 331 1035 13.
388 974 654 1032 Bohemos
674 978 803 1031 tune
819 989 943 1031 cnm
964 972 1076 1030 alio
1102 971 1470 1043 nungaremm
1485 972 1729 1029 exercitu
1747 968 2069 1042 conflixisse,
2097 981 2329 1039 eumque

64 1070 247 1139 capto
277 1078 423 1134 rege
448 1063 582 1122 Lele
609 1064 844 1135 delesse,
869 1061 1215 1134 flepidannus
1242 1059 1406 1117 addit.
1478 1060 1826 1132 Crediderim,
1857 1058 2017 1116 aliam
2045 1057 2331 1127 iiuagaro·
2392 1051 2406 1062 “

58 1171 195 1215 rum
241 1168 472 1212 manum
505 1153 696 1211 eodem
724 1155 971 1224 tempere
993 1152 1243 1208 Moraros
1270 1149 1610 1207 Bobemosve
1634 1152 1891 1220 tentasse,
1922 1147 2107 1220 ibique
2134 1143 2333 1206 Boies’-

44 1246 224 1322 ¹laum
253 1257 371 1316 per
396 1242 607 1312 legatos
633 1243 854 1300 vicisse.
930 1240 1066 1298 Nam
1093 1239 1237 1311 quod
1260 1238 1596 1296 Frodoardus
1620 1238 1801 1312 babet,
1825 1235 2333 1309 pestA'ugustanam

62 1333 383 1393 victoriam
429 1328 681 1388 ottonem
708 1330 962 1389 boleslao
1003 1331 1247 1400 adjutore
1289 1328 1425 1385 duos
1455 1328 1808 1385 Sarmatarum
1837 1339 1995 1398 reges
2024 1341 2332 1400 superasse,

59 1424 137 1481 ad
166 1420 601 1493 expeditionem
643 1423 830 1477 contra
868 1417 1103 1476 Naccum
1145 1420 1204 1475 et
1240 1415 1540 1474 Stoinefum
1581 1419 1852 1488 pertinere
1869 1416 2128 1488 „arbitron
2174 1431 2334 1487 qnam

60 1516 203 1570 ante
232 1512 385 1568 anni
410 1509 610 1565 exitum
634 1522 735 1566 rex
760 1510 1016 1580 suscepit,
1045 1511 1104 1564 ut
1128 1521 1254 1564 mox
1280 1507 1540 1564 dicemus.
1590 1506 1888 1563 Aventinus
1916 1507 2153 1577 quinque
2180 1504 2336 1564 nnn-

57 1614 331 1672 garorum
361 1598 595 1667 :egnice
620 1599 863 1654 nominat
887 1596 1229 1667 Bulskonem,
1271 1593 1550 1666 Sububam,
1590 1593 1847 1666 Laelium,
1880 1594 2086 1667 Suram,
2112 1594 2331 1652 Toxum.

61 1692 243 1748 Binos
270 1688 420 1744 illos
448 1687 803 1743 Sarmatarum
831 1685 998 1742 duces
1026 1686 1397 1742 connumerari
1424 1681 1727 1740 Brunnerus
1756 1685 2072 1756 suspicatur,
2114 1683 2183 1740 de
2210 1685 2337 1755 qui-

66 1779 179 1835 bus
208 1775 585 1834 Frodoardus.
646 1774 757 1831 Sed
784 1787 881 1831 eos
908 1774 1071 1844 longe
1095 1773 1234 1830 alios
1260 1773 1447 1846 videri,
1469 1775 1582 1842 jam
1611 1773 1809 1829 dictum
1840 1777 1941 1830 est.
2000 1769 2182 1830 Lelius
2205 1770 2338 1828 alibi

73 1866 371 1939 pugnavit.
432 1863 620 1919 Toxim
647 1861 905 1935 abfuisse,
933 1861 1027 1919 alii
1052 1863 1256 1935 volunt,
1283 1864 1426 1933 quod
1456 1861 1653 1919 malim.
1717 1860 1954 1933 Septem,
1983 1863 2076 1932 qui
2102 1862 2210 1918 soli
2238 1875 2337 1920 su-

72 1954 400 2030 perfuerint
419 1951 897 2023 (quemadmodum
916 1955 1078 2009 etiam
1096 1950 1456 2020 Frisiugensis
1476 1953 1767 2024 episcopus
1781 1950 2063 2024 prodidit),
2078 1949 2337 2006 auriculis

76 2044 362 2102 abscissis
384 2040 749 2098 contumeliae
765 2051 928 2097 causa
945 2042 1225 2112 remissos,
1242 2040 1530 2112 nungarict
1548 2042 1839 2113 scriptores
1862 2038 2079 2111 habent,
2106 2039 2341 2096 addunt-

77 2145 210 2206 que,
240 2137 303 2190 et
332 2130 483 2187 domi
506 2129 729 2186 infamia
754 2132 991 2186 notatos.
1049 2128 1409 2186 viterbiensis
1438 2129 1610 2186 adbuc
1635 2144 1797 2187 unum
1825 2128 2006 2202 demit,
2035 2131 2341 2199 stipemque

75 2220 333 2296 petendo
364 2220 422 2275 in
442 2219 709 2289 Hungaua
724 2219 925 2275 victum
944 2227 1205 2288 quaerere
1229 2221 1468 2290 coactos,
1497 2218 1640 2289 quod
1667 2218 1878 2275 fortiter
1906 2232 2025 2275 cum
2051 2217 2175 2273 aliis
2203 2217 2342 2274 mori

77 2310 428 2368 noluissent.
497 2305 578 2363 Ea
604 2306 695 2363 die
720 2305 772 2361 4.
798 2307 924 2363 Idus
951 2306 1177 2375 Augusti
1202 2308 1378 2362 vicem
1407 2306 1649 2364 barbaris
1675 2307 1951 2379 redditam,
1980 2307 2048 2363 ab
2071 2304 2340 2363 Aventino

76 2402 336 2456 notatum
365 2399 469 2467 est,
498 2408 605 2466 qua
631 2395 761 2451 oiim
788 2400 915 2452 ante
939 2408 1111 2451 annos
1139 2393 1488 2466 quadraginta
1507 2399 1562 2453 et
1582 2399 1723 2468 octo,
1750 2396 1896 2452 victo
1915 2394 2188 2454 Ludovico
2210 2408 2342 2466 rege

77 2487 471 2555 adolescente,
510 2481 842 2553 Luitboidas,
883 2482 1073 2552 limitis
1098 2482 1390 2540 Pannonici
1417 2484 1669 2556 marchio,
1709 2485 1922 2556 cecidit,
1951 2485 2344 2555 Germaniaque

80 2581 203 2633 tum
232 2572 473 2643 primum
500 2567 689 2623 horum
712 2565 1055 2624 barbarorum
1083 2568 1371 2640 direptioni
1398 2575 1584 2641 aperta
1603 2577 1703 2642 est,
1733 2576 1819 2628 cui
1845 2587 1991 2627 nuuc
2016 2572 2138 2628 finis
2167 2573 2342 2630 datus.

38 2677 39 2680 ¹
237 2659 329 2716 14.
405 2655 515 2710 Sed
537 2655 830 2725 jucundum
857 2657 976 2727 erit,
1017 2657 1169 2725 ipsos
1194 2655 1379 2712 audire
1397 2658 1772 2725 ‘ungarorum
1813 2660 2125 2731 scriptores,
2165 2657 2345 2716 bisto-

80 2752 223 2807 riam
243 2744 450 2819 partim
464 2757 535 2799 ex
550 2740 816 2799 fabulosis
833 2741 1221 2814 traditionibus,
1236 2744 1427 2813 partim
1443 2756 1512 2800 ex
1526 2743 1820 2801 arbitr-ariis
1839 2759 2054 2802 suorum
2072 2735 2342 2815 figmentis

82 2837 246 2896 varie
272 2831 592 2891 mutilantes
626 2833 720 2889 aut
752 2832 1051 2897 mutantem
1093 2834 1154 2887 ut
1180 2829 1299 2889 fere
1323 2831 1398 2905 iit,
1436 2847 1556 2889 cum
1583 2846 1616 2888 a
1645 2836 2111 2904 contemporaneis
2138 2833 2341 2892 cultio-

84 2942 209 2984 rum
234 2920 567 2996 populorum
596 2919 949 2992 scriptoribus
974 2921 1132 2991 patrii
1154 2920 1379 2977 annales
1398 2922 1574 2991 genus
1593 2923 1767 2978 serius
1786 2922 1855 2978 ad
1871 2922 2143 2980 literarum
2162 2923 2342 2981 studia

88 3016 398 3087 perductae
425 3009 703 3066 recedunt.
773 3008 885 3066 Sed
911 3015 1036 3066 aute
1063 3009 1203 3066 alios
1229 3009 1525 3068 iohannem
1554 3009 2060 3082 Turozium'gandire
2097 3027 2198 3083 par
2225 3013 2346 3086 erit,

93 3104 335 3160 caeteris
365 3098 507 3169 fere,
534 3100 626 3169 qui
654 3101 839 3155 extant
862 3100 1005 3169 typis
1034 3098 1182 3170 editi,
1210 3100 1559 3170 antiquiorem
1589 3103 1645 3157 et
1669 3102 1726 3157 in
1751 3101 2015 3157 narrando
2042 3101 2345 3171 simplicio-

94 3205 233 3249 rem.
283 3186 581 3245 Fabulam·
604 3186 719 3258 iiie,
746 3187 1025 3257 ilungaros
1052 3201 1123 3244 ex
1140 3187 1357 3259 Scythia
1372 3189 1675 3260 venientes,
1702 3201 1801 3259 per
1824 3191 2051 3246 nuncios
2070 3204 2103 3245 a
2120 3189 2346 3248 Suenti-

94 3279 264 3352 poido
309 3283 512 3335 terram
554 3278 612 3334 et
650 3289 843 3348 aquam
886 3277 1043 3333 donis
1083 3276 1225 3333 datis
1266 3275 1568 3335 obtinuisse
1609 3276 1757 3347 (fere
1797 3284 1857 3336 ut
1883 3277 2010 3335 oiim
2037 3277 2282 3337 Saxones
2309 3292 2346 3337 a
2384 3268 2390 3274 ⁴

98 3367 441 3439 Thurinae),
472 3377 600 3422 mox
625 3377 743 3422 cam
771 3367 1013 3423 exercitu
1039 3369 1337 3438 venientes,
1372 3368 1527 3438 quasi
1547 3368 1672 3435 jure
1701 3371 1897 3425 emtam
1931 3369 2205 3437 regionem
2235 3367 2345 3425 sibi

100 3457 431 3528 vmdicasse,
472 3452 881 3524 zuentipoldum
921 3455 1117 3511 victum
1174 3458 1232 3512 in
1271 3453 1518 3512 Danubio
1559 3457 1807 3526 periisse.
1892 3457 2025 3513 Inde
2061 3458 2344 3525 Hungaros

101 3544 434 3605 Vratislaum
478 3542 831 3601 Bobemorum
885 3557 1085 3616 regem,
1141 3543 1504 3602 Eberhardum
1547 3544 1851 3603 carinthiae
1893 3546 2083 3602 ducem
2125 3546 2343 3619 vicisse,

102 3631 537 3706 langobardiam
571 3633 853 3703 ingressos
891 3632 1230 3690 Luitbardum
1270 3635 1609 3705 imperatoris
1640 3634 1818 3691 Guoii
1848 3632 2211 3690 consiliarium
2238 3633 2344 3690 ob-

103 3726 420 3791 truncass03
463 3717 573 3778 alia'
599 3721 945 3793 expeditione
970 3720 1306 3779 Germaniam
1333 3737 1507 3795 usque
1535 3722 1602 3780 ad
1629 3722 1940 3792 Burgundos
1965 3725 2230 3794 vastasse,
2273 3723 2343 3779 ad

109 3814 343 3868 castrum
369 3809 525 3867 Abah
551 3823 722 3882 prope
747 3809 1045 3866 Danubium
1073 3810 1423 3869 Allemannos
1451 3814 1669 3882 vicisse,
1698 3810 1867 3868 tribus
1894 3815 2077 3868 tamen
2101 3810 2342 3869 millibus

109 3910 326 3956 mrum
370 3900 613 3955 amissis.
696 3899 933 3956 Tandem
974 3904 1237 3970 regnante
1278 3914 1378 3973 per
1421 3901 1810 3958 Aiiemanniam
1856 3899 2102 3957 Conrado
2147 3899 2342 3974 Primo,

112 3985 320 4044 decim
363 3990 558 4044 octavo
600 3991 718 4058 ejus
756 4001 898 4044 anno
930 3988 1119 4045 urbem
1145 3991 1442 4061 Augustam
1477 3988 1781 4062 obsedisse,
1818 3987 1914 4046 ubi
1939 3992 2072 4047 satis
2099 3992 2342 4062 apparet,

113 4088 211 4144 pro
236 4075 436 4134 ottone
467 4074 766 4133 Conradum
790 4077 1071 4135 nominari.

254 4165 338 4223 15.
410 4153 606 4222 Urbem
632 4164 847 4222 Utricus
875 4168 1163 4239 episeopus
1190 4180 1309 4223 cnm
1334 4164 1656 4238 primoribus
1682 4165 1914 4226 sueviae
1952 4165 2212 4242 tuebatur,
2245 4179 2345 4225 rex

116 4247 359 4308 obsessis
386 4253 590 4314 auxilio
619 4256 783 4327 venit,
812 4258 1012 4311 etcum
1032 4255 1226 4313 fluvius
1252 4255 1450 4328 pluviis
1470 4257 1749 4330 crevisset,
1775 4255 2010 4327 nugari
2036 4258 2341 4330 intercepti,

119 4341 211 4393 aut
234 4342 397 4413 mesi,
436 4347 531 4400 aut
557 4344 700 4416 capti
726 4347 866 4401 sunt.
936 4343 998 4401 In
1027 4346 1200 4418 captis
1226 4343 1383 4404 fliete
1407 4345 1544 4404 Leel
1571 4350 1629 4404 et
1651 4345 1855 4404 Balchn
1882 4346 2048 4403 duces
2082 4346 2340 4403 illustres.

118 4419 197 4480 Ex
221 4426 413 4497 quibus
437 4441 621 4492 ceram
647 4445 712 4492 se
736 4431 1017 4507 productis
1039 4435 1309 4508 qnaesivit
1334 4447 1541 4509 caesar,
1578 4435 1706 4510 quid
1731 4437 2017 4508 tantopere
2040 4435 2099 4493 tn
2124 4434 2343 4493 christi-
