2817 4959
621 286 1159 357 ARNALES
1224 289 1693 359 lumini}
2139 296 2264 361 555

28 475 208 520 m
254 460 487 532 regibus·
518 464 576 519 et
613 462 891 535 episeopis
917 462 1141 520 Virduai
1180 469 1513 539 susceperat,
1550 463 1929 535 negligeretur.
2000 466 2271 525 Recitator
2294 471 2359 545 A,
2383 472 2517 544 948,

28 550 227 609 ’inde
258 547 552 621 capitulum
580 552 664 610 19.
685 551 902 610 concilii
920 550 1375 622 Carthaginiensis
1394 555 1447 609 4.
1468 554 1538 610 de
1564 557 1817 610 accusato
1836 558 1893 610 et
1923 558 2270 625 accusatore;

30 660 33 693 ;
103 640 427 697 autoritate
462 644 587 710 eius
624 640 911 714 judicatur,
953 639 1227 697 Arialdum
1268 643 1463 712 (quem
1502 642 1657 712 Hugo
1696 656 1988 700 accusasse
2028 644 2272 715 videtur)

28 731 463 785 ›mnu-ionem
489 733 550 786 et
573 729 878 800 parochiam
904 729 1225 786 Remensem
1250 734 1487 787 retinere
1512 729 1730 802 debere,
1759 729 2054 803 nugonem,
2080 734 2172 804 qui
2199 733 2273 791 ad

28 832 160 875 aas
205 817 449 888 synodos
485 820 681 875 venire
714 819 1113 889 contemsisset,
1151 832 1186 873 a
1221 822 1596 876 communione
1621 824 1679 876 et
1703 821 1964 889 regimine
1989 818 2276 882 abstinen-

28 922 144 964 ιιιι
166 908 223 978 *,
257 906 437 962 donec
456 909 513 963 in
541 907 756 978 synodo·
775 905 1013 976 generali
1031 905 1099 962 ad
1117 906 1385 964 Kalendas
1400 908 1628 978 Augusti
1654 908 1855 964 indicta
1880 921 1944 964 se
1971 914 2272 979 purgasset.

28 1000 219 1053 atres
248 993 462 1065 Hugoni
501 995 798 1066 capitulum
831 995 1158 1068 descriptum
1198 1011 1320 1052 cum
1358 996 1650 1066 subjuncta
1673 994 1982 1055 delinitione
2009 1012 2110 1055 sua
2134 998 2271 1056 tradi

28 1086 238 1156 arnt,
269 1085 318 1138 is
346 1083 519 1141 altera
546 1084 635 1141 die
660 1083 918 1140 lietberto
945 1085 1183 1156 remittit,
1208 1098 1415 1155 negans
1438 1085 1651 1155 ludices
1680 1099 1712 1140 a
1738 1098 1801 1141 se
1828 1088 2070 1154 agnosci».
2139 1086 2277 1145 inde

28 1178 229 1231 torae
249 1172 685 1244 proclamationis
702 1174 821 1244 (sic
837 1176 997 1229 vocat
1012 1172 1383 1243 Frodoardus)
1404 1171 1472 1229 ab
1490 1173 1710 1230 Artalde
1729 1173 1950 1231 Romam
1966 1178 2276 1241 mittuntur:

28 1262 357 1321 rodiderim
397 1262 467 1318 de
506 1261 855 1332 subreptione
889 1261 1129 1331 lingonis
1169 1266 1438 1332 questum.
1508 1262 1697 1334 Itaque
1736 1265 1977 1334 pontifex
2014 1263 2278 1327 Marinum

28 1352 297 1408 iconam
334 1350 422 1421 (id
445 1354 532 1407 est
555 1350 790 1422 legatum
817 1364 851 1407 a
874 1350 1046 1408 latere
1072 1351 1209 1421 suo)
1246 1351 1316 1407 ad
1344 1349 1597 1409 ottonem
1625 1352 1816 1423 synodi
1843 1351 2112 1421 generalis
2139 1367 2277 1413 eon·-

27 1439 345 1512 rogandae
371 1453 536 1496 causa
562 1440 740 1496 mittit.
2183 1510 2188 1515 .

118 1532 131 1548 ‘
172 1528 233 1586 2.
306 1528 560 1599 Sequitur
603 1525 817 1584 ottonis
858 1527 1135 1598 expeditio
1171 1529 1228 1584 in
1269 1526 1472 1585 Dauos.
1541 1527 1623 1587 Ea
1663 1543 1752 1587 me
1791 1528 2101 1601 aliquandiu
2144 1543 2276 1602 per-

28 1618 258 1676 lexum
296 1615 497 1688 babuit,
537 1617 664 1687 quia
701 1615 1037 1674 Frodoardus
1077 1620 1137 1673 et
1173 1618 1517 1674 continuator
1543 1616 1834 1687 Regincnis
1873 1614 1994 1687 ejus
2034 1631 2139 1675 nec
2187 1618 2278 1675 bic

30 1719 217 1778 eque
248 1705 379 1761 alibi
404 1708 613 1778 uspiam
639 1704 870 1761 verbulo
891 1698 1198 1777 meminere,
1235 1708 1329 1777 qui
1363 1710 1544 1763 tamen
1571 1705 1835 1762 bellorum
1862 1722 1982 1765 cum
2009 1706 2278 1780 Bobemis,

28 1795 235 1866 mavis,
265 1793 545 1868 ilungaris,
582 1792 800 1850 Polonis
828 1796 1101 1863 gestorum
1127 1795 1453 1851 mentionem
1481 1792 1703 1865 iaciunt,
1739 1809 1845 1852 nec
1871 1797 1926 1851 in
1953 1797 2279 1866 panegyrico

28 1884 281 1942 toswita
305 1896 420 1939 rem
444 1884 542 1940 tali
568 1883 770 1954 scripto
800 1881 1163 1952 dignissimam
1192 1884 1397 1963 attigit.
1456 1883 1777 1940 witikindus
1804 1883 1995 1957 obiter,
2024 1884 2278 1942 ottonem

28 1976 278 2031 reterno
296 1970 444 2029 bello
463 1970 791 2044 implicatum
818 1973 958 2028 inter
984 1970 1122 2033 aiios
1149 1970 1338 2028 hostes
1366 1974 1528 2028 etiam
1548 1971 1729 2028 Danos
1756 1970 2031 2042 babuisse,
2060 1972 2278 2044 scribit3

28 2067 75 2118 ut
130 2052 342 2116 ottone
380 2064 487 2131 iam
527 2063 866 2133 imperatore,
906 2059 1276 2135 wigmannum
1304 2058 1569 2118 rebellem
1597 2060 1859 2118 liaraldus
1888 2060 2154 2118 Danorum
2180 2073 2281 2118 rex

28 2151 213 2209 noluit
240 2151 502 2221 recipere,
527 2150 632 2204 nisi
660 2151 808 2220 prius
837 2161 918 2222 se,
946 2162 1110 2206 caeso
1138 2148 1320 2219 aliquo
1348 2163 1540 2219 magno
1568 2150 1702 2222 viro,
1729 2149 1875 2205 domi
1899 2149 2280 2221 inexpiabilem

28 2240 396 2310 *addidissem
426 2252 565 2311 quae
583 2239 815 2294 animum
833 2239 1136 2307 significant
1160 2238 1300 2293 baud
1327 2240 1584 2295 amicum:
1615 2241 1671 2295 et
1696 2252 1821 2295 mox
1839 2242 1966 2309 post
1983 2239 2283 2309 wigmanni

28 2328 283 2400 aedem,
311 2326 512 2384 ottone
533 2333 760 2398 augusto
787 2327 845 2384 in
864 2326 1113 2384 Calabria
1140 2332 1353 2399 agente,
1380 2326 1582 2383 bellam
1606 2340 1725 2382 cum
1753 2326 1918 2383 Danis
1946 2341 2044 2398 per
2070 2328 2282 2397 legatos

28 2424 274 2490 gestum,
299 2416 476 2474 obiter
501 2420 561 2474 et
582 2418 675 2472 vix
700 2414 869 2473 verbo
896 2416 1164 2486 significat
1188 2416 1332 2474 idem
1361 2418 1610 2488 scriptor.
1664 2415 1911 2487 Denique
1931 2418 2073 2473 inter
2091 2420 2284 2487 gentes

31 2510 217 2564 rictas
262 2519 381 2563 cum
432 2504 696 2562 Avarlbus
735 2505 823 2578 (id
862 2508 951 2562 est
998 2505 1310 2578 Hungaris),
1348 2506 1653 2577 Saracenis,
1695 2505 1873 2562 Slavis
1928 2506 2172 2563 nominat
2225 2509 2285 2564 et

31 2598 249 2655 Janos.
334 2594 601 2651 Ditmaras
645 2608 862 2666 quoque
905 2597 1030 2664 post
1075 2593 1421 2650 witikindum
1465 2593 1743 2650 historiam
1783 2594 1968 2650 clerici
2009 2593 2285 2666 Popponis

31 2688 242 2756 narrat,
268 2685 360 2754 qui
386 2698 563 2740 coram
591 2682 826 2740 flaraldo
854 2680 1049 2739 ferrum
1079 2684 1299 2749 ignitum
1325 2684 1505 2751 magni
1532 2681 1787 2752 ponderis
1823 2696 1984 2737 manu
2025 2681 2285 2738 incolumi

31 2776 308 2844 musso,
336 2785 513 2843 eoque
540 2772 667 2829 fidoi
703 2771 1027 2828 christianae
1053 2768 1322 2827 labantem
1351 2771 1407 2825 in
1433 2770 1697 2827 Danorum
1725 2771 1916 2827 animis
1944 2771 2284 2826 autoritatem

31 2874 340 2920 mmovasse
378 2861 644 2934 scribitur,
684 2874 846 2932 quam
872 2858 941 2914 ob
970 2872 1081 2915 rem
1109 2858 1178 2914 ab
1204 2860 1531 2930 imperatore
1558 2861 1877 2930 episcopatu
1912 2860 2142 2915 donatus
2180 2862 2282 2916 est.

31 2952 119 3009 [bi
175 2950 284 3006 etsi
334 2949 458 3007 data
497 2954 650 3009 esset
688 2947 1047 3021 pulcherrima
1078 2947 1318 3019 occasio,
1350 2946 1485 3003 nibil
1525 2945 1690 3003 babet
1727 2947 1798 3004 de
1834 2946 2039 3004 Danico
2067 2947 2282 3004 ottonis

33 3039 219 3099 bello.
1358 3040 1363 3043 “

187 3128 241 3185 3.
307 3126 417 3184 Sed
455 3126 640 3184 borum
681 3128 917 3184 omnium
952 3125 1224 3183 silentium
1250 3129 1343 3182 eut
1367 3123 1605 3182 brevitas
1632 3127 1903 3183 autoritati
1929 3124 2118 3182 Adami
2146 3123 2284 3182 Bre-

33 3218 268 3288 mensis,
314 3228 385 3273 ex
422 3219 781 3273 monumentis
822 3214 1095 3272 ecclesiae
1133 3228 1267 3272 suae
1300 3215 1575 3285 loquentis
1603 3215 1803 3288 opponi
1828 3228 1938 3271 non
1965 3213 2143 3270 debet.
2214 3213 2284 3270 Et

33 3321 160 3365 ren
190 3304 403 3361 conficit
426 3305 662 3376 diploma
688 3303 902 3361 ottonis
929 3304 1000 3361 11.
1027 3318 1078 3359 a.
1106 3303 1168 3359 D.
1196 3302 1320 3361 965.
1351 3304 1549 3375 datum,
1584 3318 1692 3375 quo
1728 3304 1994 3361 ecclesias
2020 3306 2078 3361 in
2104 3316 2285 3360 marca
2339 3340 2348 3345 ἢ

33 3393 134 3455 rel
166 3408 329 3464 regno
356 3394 623 3451 Danorum
663 3397 911 3464 structas,
951 3392 1385 3464 Sieswicensem,
1423 3391 1729 3465 Ripensem,
1768 3392 2184 3463 Ambusensem,
2212 3390 2281 3447 ab

35 3484 195 3542 omni
221 3496 389 3539 censu
407 3488 464 3539 et
480 3483 704 3539 servitio
725 3494 901 3539 rerum
928 3494 1385 3552 personarumque
1415 3494 1630 3537 suarum
1657 3481 1907 3538 absolvit.
1980 3481 2150 3553 Quod,
2176 3482 2285 3535 nisi

35 3575 225 3630 vietor
263 3570 377 3626 illie
416 3576 471 3627 et
505 3584 681 3628 rerum
723 3576 933 3643 potens,
972 3571 1158 3642 inepte
1194 3584 1300 3627 nec
1325 3573 1448 3628 sine
1474 3573 1714 3628 vanitate
1748 3571 2097 3628 decrevisset.
2169 3567 2286 3625 Nec

35 3662 191 3734 apud
220 3659 563 3717 witikindum
605 3665 664 3718 et
692 3661 983 3717 Ditmarum
1017 3659 1227 3731 desunt,
1268 3673 1406 3728 quae
1435 3663 1757 3716 sententiam
1783 3661 2054 3729 receptam
2077 3660 2283 3727 jurant.

35 3748 368 3809 witikindus
397 3752 538 3805 enim
577 3765 696 3806 cnm
724 3749 1096 3820 wigmannum
1122 3746 1190 3804 ab
1217 3747 1450 3804 Haraldo
1495 3752 1752 3819 rejectum
1783 3753 1840 3804 et
1881 3747 2149 3817 Popponis
2176 3746 2283 3802 mi-

35 3837 287 3898 raculum
306 3835 673 3911 memorasset,
701 3843 1053 3908 secutumque
1072 3839 1214 3907 regis
1244 3837 1312 3894 de
1339 3837 1500 3893 idolis
1527 3835 1810 3894 abolendis
1838 3835 2143 3905 decretum3
2172 3838 2283 3895 tum

35 3929 109 3986 ad
132 3926 442 3983 mathildem
468 3942 658 3985 versus
684 3928 897 3984 Ottonis
924 3926 995 3981 Μ.
1024 3925 1205 3998 liliam,
1224 3927 1310 3982 cui
1339 3939 1493 3984 suum
1522 3939 1659 3997 opus
1685 3922 1927 3980 dicabat:
2001 3924 2111 3980 Sed
2132 3924 2283 3996 haec,

37 4018 239 4087 inquit,
263 4018 455 4072 nerito
487 4017 674 4073 offlam
691 4018 871 4086 patris
900 4019 986 4071 tris·
1010 4015 1376 4087 ascribuntur,
1404 4017 1564 4082 eujus
1587 4014 1861 4070 industria
1883 4015 1945 4068 in
1968 4014 2077 4069 iliis
2097 4016 2280 4086 reqio-

37 4105 208 4163 asbus
250 4105 510 4160 ecclesiae
551 4106 997 4177 sacerdotumque
1040 4105 1263 4173 ordines
1302 4107 1586 4173 tantopere
1621 4102 1848 4172 fulsere.
1947 4101 2065 4158 Nec
2106 4103 2282 4158 minus

37 4193 246 4253 efficax
285 4196 385 4265 est,
430 4195 538 4250 etsi
575 4194 734 4249 unius
770 4195 830 4248 in
867 4205 983 4248 rem
1019 4191 1287 4265 vepabuii,
1327 4192 1482 4248 locus
1519 4190 1740 4247 Ditmari
1778 4203 1948 4264 prope
1974 4190 2133 4246 finem
2160 4188 2282 4245 libri

37 4283 227 4343 tertii:
261 4281 474 4354 Italiae,
513 4283 722 4338 Daciae
748 4281 988 4352 (Daniae
1013 4281 1258 4351 seilicet)
1295 4283 1349 4335 et
1386 4280 1671 4336 saxoniae
1706 4282 1874 4352 scius,
1917 4281 2040 4337 Otto
2071 4283 2283 4350 prinus

37 4374 196 4432 obiit.
270 4369 491 4427 Videtur
516 4370 861 4442 peculiariter
895 4370 1129 4443 populos
1151 4369 1430 4429 nominare
1455 4368 1716 4443 voluisse,
1749 4368 1945 4442 quibas
1970 4371 2093 4443 ipse
2116 4378 2282 4439 prae-

148 4477 206 4534 0)
231 4476 553 4523 removendam
578 4487 693 4523 cerr.
720 4476 987 4522 Ecstor-irs.
