2817 4959
503 287 633 355 296
1082 286 1620 355 ANNALES
1685 285 2144 355 IMPERII

250 467 316 535 Α,
339 463 475 538 017,
501 461 844 520 adelbertum
870 461 1037 518 filiun
1064 462 1248 532 edidit,
1288 473 1409 518 eum
1437 476 1547 520 non
1574 461 1738 518 facile
1773 463 1901 535 post
1933 474 2129 518 mum
2152 459 2368 516 Domini
2393 459 2515 520 905.
2544 465 2725 520 natu

493 551 669 610 fuisse
695 550 1053 608 censebimus.
1103 549 1244 620 Ergo
1275 548 1531 606 obertum
1559 554 1699 622 tunc,
1742 564 1861 606 cum
1888 551 2117 606 maxime
2154 549 2213 606 in
2236 562 2414 605 rerum
2442 557 2573 607 actu
2599 566 2726 610 ver-

493 645 643 699 satus
670 642 949 711 reperitur,
977 640 1030 694 id
1059 643 1146 696 est
1171 641 1309 694 intra
1334 653 1505 696 annos
1532 638 1994 709 962.et9¹11,jam
2024 650 2209 693 senem
2236 637 2410 693 fuisse
2441 639 2721 696 dicendu-

494 733 595 803 est,
623 728 765 800 quod
794 741 903 785 non
929 730 1064 784 satis
1089 728 1297 799 placet;
1338 741 1518 797 neque
1543 726 1693 799 illud,
1733 727 1875 798 quod
1901 726 2043 783 filios
2077 724 2338 798 babuerit,
2366 729 2461 797 qui
2489 728 2559 783 ad
2586 742 2639 784 a.
2662 727 2721 784 l).
2816 729 2817 732 ’

494 819 654 876 1014.
681 821 741 874 et
764 817 902 873 ultra
943 829 1257 887 pervenere,
1297 822 1357 872 ut
1383 819 1499 873 suis
1538 815 1677 872 locis
1718 816 2079 872 ostendemus.
2134 815 2329 871 Fateor
2366 815 2501 871 nibil
2541 816 2721 874 bor-
2816 845 2817 880 ÷

491 923 526 965 a
564 920 741 963 rerum
779 909 967 962 natura
1009 903 1324 973 abhorrere,
1378 904 1477 961 sed
1522 906 1702 962 tamen
1746 906 1919 960 minus
1940 902 2244 960 ¹verisimile
2283 905 2585 974 putandum
2626 911 2723 977 aeg
2816 953 2817 956 ,

491 996 636 1067 quod
677 996 850 1050 rarius
896 995 1170 1063 contingit.
1243 993 1435 1062 Neque
1480 992 1786 1063 Luitprandi
1837 993 2111 1048 silentium
2156 995 2485 1064 spreverim:
2544 1008 2723 1064 paru·
2816 1015 2817 1022 ¹

491 1086 638 1141 enim
677 1081 938 1139 credibile
974 1083 1074 1153 est,
1113 1084 1392 1151 scriptoris
1435 1082 1773 1151 quantamvis
1814 1080 1956 1145 mali,
1996 1082 2434 1151 contemporanei
2461 1084 2649 1138 tamen
2673 1088 2725 1139 et

491 1171 792 1241 collocalis,
831 1173 887 1226 in
928 1170 1185 1240 dignitate
1226 1172 1392 1241 positi
1432 1171 1491 1228 et
1528 1171 1582 1224 ia
1611 1183 1672 1225 re
1699 1166 1914 1240 publica
1954 1171 2171 1239 versati,
2211 1168 2416 1225 liberos
2443 1170 2723 1228 Adalberti

488 1260 683 1318 Divitis
711 1261 1066 1329 recensentis,
1119 1262 1428 1314 memoriam
1470 1257 1827 1313 marchionem
1869 1255 2124 1314 Obertum
2166 1255 2597 1331 Longobardum,
2642 1263 2726 1317 in-

490 1350 690 1421 clytum
717 1348 817 1403 sub
848 1346 1132 1403 ottonibus
1158 1348 1468 1418 principem,
1509 1344 1695 1415 lugere
1724 1346 1983 1416 potuisse,
2036 1346 2084 1400 si
2112 1357 2181 1401 ex
2206 1345 2499 1402 Adelberto
2528 1348 2726 1405 eodem

489 1442 648 1495 natus
677 1443 821 1504 erat3
849 1438 1093 1492 notitiam
1122 1439 1268 1492 certe
1293 1447 1402 1490 non
1431 1433 1581 1503 fugit.
1635 1434 1766 1489 Nam
1794 1434 1917 1502 ipse
1943 1447 1990 1488 a.
2022 1432 2084 1490 Β.
2112 1433 2234 1490 960.
2275 1435 2342 1489 ad
2372 1433 2628 1494 ottonem
2655 1438 2726 1494 bl.

488 1524 790 1599 profectum
832 1529 1106 1594 memorat,
1147 1527 1207 1580 ut
1233 1523 1302 1579 de
1328 1523 1652 1590 Berengario
1680 1525 2021 1593 quereretur3
2058 1526 2341 1593 praeterea
2383 1527 2455 1579 ita
2478 1524 2725 1594 loquitur

488 1613 857 1684 Luitprandus,
897 1617 955 1669 ut
995 1612 1199 1670 liberos
1239 1610 1515 1668 Adalberti
1556 1622 1871 1666 enumerare
1909 1610 2183 1679 videntum
2223 1612 2412 1682 itaque
2442 1611 2720 1686 libertum,

489 1715 647 1772 quem
675 1707 846 1770 norat,
875 1702 1171 1771 praeterire
1197 1714 1307 1756 non
1333 1701 1619 1771 potuisset.

634 1789 718 1847 13.
791 1789 889 1844 Est
932 1795 989 1846 et
1031 1789 1139 1845 alla
1185 1786 1471 1845 difficultas
1517 1801 1550 1843 a
1590 1788 1830 1843 natione.
1897 1784 2155 1844 obertum
2203 1792 2260 1844 et
2302 1794 2553 1859 posteros
2600 1793 2725 1863 elus

490 1880 702 1935 constat
748 1878 876 1949 lege
914 1876 1380 1947 Longobardorum
1420 1878 1639 1933 vixisse.
1710 1874 1818 1933 Sed
1852 1875 2170 1932 Adalbertus
2217 1876 2398 1951 Dives,
2441 1878 2729 1937 Adalberti

488 1967 811 2025 marchionis
838 1967 996 2037 filias,
1038 1964 1300 2022 Bonifacii
1329 1967 1541 2022 comitis
1580 1978 1753 2035 nepos
1799 1962 1926 2034 iuit3
1971 1967 2063 2034 qni
2091 1964 2190 2020 sub
2218 1965 2410 2036 Hagno
2436 1967 2646 2024 carolo
2674 1972 2727 2025 et

483 2054 760 2111 Lndovieo
787 2056 880 2110 Pio
908 2056 1034 2110 litus
1065 2055 1380 2110 Hetruscum
1407 2055 1565 2122 rexit,
1605 2059 1663 2109 et
1688 2053 1868 2110 classe
1894 2054 2056 2109 etiam
2084 2053 2361 2124 profectus
2400 2057 2457 2110 in
2484 2056 2726 2114 Sarace-

486 2158 606 2215 nos,
649 2145 705 2199 in
744 2144 864 2214 ipsa
904 2141 1086 2198 Africa
1128 2141 1361 2199 feliciter
1402 2143 1783 2197 excensionem
1825 2140 1970 2197 fecit.
2037 2142 2192 2199 Hunc
2229 2145 2287 2199 in
2309 2142 2461 2199 Italia
2501 2147 2725 2215 ‹faida-

484 2235 684 2302 natum,
726 2231 931 2299 origine
962 2235 1139 2287 umen
1166 2230 1353 2285 italum
1384 2228 1571 2301 luisse,
1614 2234 1699 2284 est
1725 2244 1821 2284 cur
1846 2229 2166 2287 dubitemus.
2233 2232 2366 2288 Nam
2402 2247 2512 2289 non
2559 2232 2724 2292 facile
2816 2233 2817 2240 ’

484 2318 640 2375 Italis
683 2332 854 2388 nuper
894 2318 1133 2372 subactis
1175 2316 1404 2373 Carolus
1442 2317 1541 2373 iile
1581 2317 1806 2386 Magnus
1847 2325 1939 2375 aut
1967 2318 2267 2375 Ludovicus
2296 2319 2418 2376 Pius
2445 2320 2724 2391 guberna·
2814 2311 2817 2350 ⁴*

485 2410 688 2462 tionem
714 2406 1104 2476 provinciarum
1133 2406 1185 2459 in
1213 2405 1367 2461 ltalia
1397 2406 1650 2461 citeriore
1678 2405 1996 2464 credebant:
2033 2407 2413 2480 Eberhardnm‚
2438 2409 2569 2465 Fori
2599 2412 2724 2468 sulii

485 2498 767 2565 rectorem,
813 2492 1122 2564 Berengarii
1165 2495 1321 2563 primi
1365 2494 1511 2562 regis
1557 2498 1777 2565 patrem,
1828 2500 1885 2550 et
1925 2496 2258 2554 Lambertum
2322 2497 2721 2570 Spoletinoru-

487 2584 694 2654 ducem‚
723 2587 925 2654 patrem
953 2582 1197 2638 widonis
1223 2583 1387 2650 regis,
1414 2581 1624 2637 salicos
1654 2581 1827 2639 fuisse
1854 2588 2080 2642 constat.
2132 2585 2284 2649 Quod
2311 2588 2452 2643 enim
2479 2591 2537 2644 in
2570 2590 2721 2646 Italia

485 2672 887 2730 Transtiberina
913 2670 1140 2728 Carolus
1167 2671 1447 2738 Aragisum
1476 2669 1869 2728 Beneventanis
1897 2672 2089 2729 ducem
2115 2674 2345 2745 reliquit,
2385 2683 2720 2736 necessitate

486 2760 687 2819 factum
714 2764 929 2832 scimus,
966 2772 1038 2816 ne
1064 2762 1111 2815 is
1141 2759 1207 2814 ad
1237 2758 1476 2814 Graecos
1504 2762 1769 2815 transiret.
1837 2760 1975 2824 Quin
2016 2762 2261 2834 amplius,
2303 2764 2586 2832 habemus,
2632 2783 2721 2825 cnr

486 2849 819 2906 Bonifacium
839 2864 909 2907 ex
929 2848 1190 2916 Bajoariis
1213 2852 1384 2903 ortum
1407 2850 1674 2917 putemus.
1719 2848 1852 2904 Nam
1868 2847 2127 2922 Ricbilda,
2145 2849 2417 2909 abbatissa
2436 2853 2720 2929 Luoends,

487 2951 628 3008 qnae
654 2951 719 2993 se
744 2940 964 2994 natione
986 2937 1282 3003 Bajoariam
1310 2935 1604 3008 profitetur,
1632 2934 1963 2993 Bonifacium
1983 2942 2233 2996 comitem
2250 2941 2490 3011 appellat
2506 2950 2718 3012 patron

486 3040 671 3097 sunau
713 3030 770 3081 et
809 3029 964 3090 inter,
989 3027 1160 3079 testes
1200 3026 1377 3090 signat
1403 3024 1639 3080 chartam
1667 3024 1977 3081 Bonifacius
2006 3041 2208 3098 comes,
2248 3027 2563 3087 abbatissae
2591 3047 2717 3102 ger·

482 3126 690 3183 manus,
718 3114 808 3181 qui
835 3124 942 3166 non
971 3111 1110 3167 alius
1138 3124 1169 3165 a
1198 3113 1507 3181 provinciae
1534 3111 1741 3168 Tuscae
1768 3118 1979 3176 rectore
1999 3117 2171 3172 videri
2200 3122 2396 3187 potest.
2448 3118 2717 3194 nimo-a,

484 3201 663 3257 datum
702 3213 751 3254 a.
779 3197 841 3254 1).
865 3197 991 3269 823,
1028 3212 1060 3254 a
1086 3199 1253 3254 Mario
1293 3198 1637 3275 Florentinio,
1678 3201 1947 3259 Francisoi
1984 3218 2096 3261 non
2122 3205 2389 3276 degenere
2418 3205 2532 3263 filio
2562 3223 2714 3266 com-

482 3289 822 3356 municatum,
851 3285 1076 3341 Cosmus
1105 3287 1280 3343 Arena
1308 3290 1573 3359 produxit.

626 3376 711 3432 14.
784 3375 991 3446 Reponi
1032 3379 1226 3449 potest,
1272 3376 1513 3446 regulam
1559 3377 1629 3437 de
1664 3379 1937 3436 extraneis
1978 3384 2368 3451 provinciarum
2414 3385 2707 3456 praefectis

480 3463 788 3534 generalem
828 3465 886 3520 in
912 3462 1067 3518 ltalia
1096 3466 1348 3520 citeriore
1387 3480 1496 3522 non
1535 3466 1722 3524 inisse.
1780 3469 1982 3525 Primus
2009 3471 2217 3542 Spoleti
2249 3475 2354 3529 dux
2383 3473 2484 3529 sub
2514 3474 2707 3530 Carolo

480 3551 676 3624 Hagno
723 3551 1115 3609 Hildebrandus
1173 3552 1554 3624 Longobardus
1602 3561 1740 3627 erat;
1816 3560 2017 3629 primus
2063 3560 2184 3615 Fori
2228 3560 2357 3617 Julii
2404 3561 2702 3631 Rotgaudns

482 3642 727 3709 ejusdem
766 3643 999 3699 nationis
1038 3655 1149 3698 non
1186 3644 1373 3715 inepte
1413 3643 1687 3700 credetur:
1728 3659 1851 3702 nam
1893 3661 2012 3705 cum
2052 3649 2280 3720 Aregiso
2323 3649 2695 3707 Beneventano
2814 3637 2815 3640 '

481 3733 539 3786 et
578 3728 939 3787 Hildebraudo
981 3729 1259 3802 Spoletino
1301 3735 1615 3800 conjurasse
1656 3740 1938 3791 accusatus
1979 3742 2081 3794 est.
2143 3738 2205 3794 ln
2233 3739 2432 3796 Tuscia
2461 3739 2699 3796 Allonem

481 3816 670 3874 ducem
700 3821 826 3876 tunc
852 3817 1154 3891 praefuisse
1182 3822 1410 3875 constat.
1449 3821 1583 3877 Eum
1611 3821 2014 3892 Longobardum
2045 3825 2231 3899 fuisse,
2252 3833 2312 3883 et
2334 3830 2583 3885 ducatum
2600 3825 2699 3883 sub

479 3902 678 3960 carolo
720 3909 928 3964 victore
971 3909 1287 3979 retinuisse,
1335 3910 1630 3967 verisimile
1676 3911 1806 3968 facit
1849 3914 1970 3985 ipsa
2014 3915 2166 3971 ducis
2208 3917 2506 3987 appellatio
2550 3921 2705 3973 sueta

476 3990 875 4067 Longobardi83
917 4010 1039 4053 nam
1065 3996 1254 4054 Franci
1293 3996 1557 4068 praefecti
1597 4001 1696 4056 sub
1740 4000 1932 4071 Magno
1961 4002 2156 4059 Carolo
2200 4007 2429 4061 comites
2458 4005 2705 4078 appella·

476 4079 685 4137 bantur.
743 4081 994 4141 Allonem
1024 4088 1183 4142 etiam
1211 4098 1356 4164 mare
1383 4091 1441 4142 et
1466 4088 1696 4145 classem
1724 4104 1946 4149 curasse
1970 4106 2080 4148 non
2109 4096 2282 4150 minus
2324 4109 2484 4164 quam
2514 4097 2704 4164 postea

474 4168 827 4240 Bonifacium,
869 4170 1116 4229 Hadriani
1157 4188 1331 4247 papae
1373 4178 1604 4248 epistola
1645 4179 1819 4235 docet.
1878 4179 1987 4236 Sed
2027 4180 2127 4237 bos
2166 4181 2393 4237 Carolus
2431 4181 2504 4237 Μ.
2533 4184 2703 4249 magis

471 4261 681 4317 invenit
720 4262 978 4331 rectores,
1018 4275 1175 4331 quani
1216 4262 1378 4321 fecit:
1421 4281 1719 4337 quanquam
1760 4267 1945 4340 fatear,
2003 4271 2107 4325 nisi
2151 4270 2385 4341 diploma
2427 4270 2707 4326 Riobildae

474 4353 697 4422 extaret,
735 4362 847 4405 rem
887 4350 945 4405 in
985 4362 1252 4420 suspenso
1292 4369 1593 4412 mansuram
1631 4354 1833 4429 ἠίθεος
1874 4357 1973 4412 sed
2014 4372 2157 4414 nunc
2195 4360 2250 4415 in
2292 4361 2609 4415 extraneum
2646 4362 2703 4415 et

475 4434 772 4506 Bajoarium
800 4435 1129 4498 BonIfacium
1171 4439 1306 4497 libra
1333 4445 1559 4502 rationis
1581 4443 1819 4506 inclinat
1869 4446 2059 4517 Neque
2082 4448 2228 4504 enim
2268 4446 2434 4505 facile
2462 4449 2698 4521 apparet,
