2817 4959
589 317 1120 389 ANNALES
1192 322 1649 393 IMPERII
2104 328 2230 396 609

51 488 147 547 uod
169 492 260 560 Jus
291 488 499 546 Galliae
530 496 928 551 controversum
957 495 1256 569 baberetur,
1300 504 1354 555 et
1393 500 1442 554 si
1478 513 1591 555 rem
1624 503 1871 556 accurate
1907 500 2227 571 discuteres,
2263 502 2327 569 Α,
2343 500 2480 569 951.

51 579 144 634 aud
196 579 329 634 satis
378 581 725 638 consisteret.
817 581 994 639 Rebus
1045 599 1172 655 ergo
1218 586 1359 642 ultro
1409 589 1652 657 citroque
1697 589 1925 660 agItatis,
1981 589 2233 660 quicquid

51 668 200 723 einde
229 670 406 722 actum
438 672 538 739 est,
568 671 874 739 imperatori
915 677 1100 727 nostro
1141 675 1231 741 jus
1262 688 1414 729 suum
1456 675 1668 731 auferre
1708 690 1816 733 non
1854 682 2050 748 potest.
2123 678 2233 735 Sed

51 769 104 809 os
132 767 163 810 a
191 756 536 812 discussione
558 759 694 824 juris
730 759 787 813 iu
816 757 1044 815 orbitam
1073 759 1329 818 historiae
1357 763 1658 818 redeamus.

144 843 227 898 37.
303 842 554 899 ottonem
590 859 770 915 regem
808 848 975 917 Aquis
1006 846 1165 904 Grani
1208 855 1452 919 agentem
1500 854 1696 907 missos
1743 854 1797 908 iu
1838 866 2029 909 munus
2076 853 2233 911 binos

49 943 191 987 iones
228 936 454 986 secutus
494 931 643 1002 lingo
683 937 933 1007 princeps
974 939 1212 993 sororius
1241 938 1385 1011 adiit,
1428 945 1481 996 et
1519 955 1637 996 cum
1679 953 1746 996 eo
1784 941 2059 1011 paschalia
2091 940 2235 1000 festa

49 1022 124 1089 git,
167 1019 558 1089 magnificeque
600 1022 847 1093 donatus„
897 1023 997 1080 sub
1041 1026 1303 1080 conductu
1351 1025 1579 1083 Conradi
1623 1028 1773 1084 ducis
1828 1029 1896 1085 ad
1935 1029 2232 1086 Matronam

49 1120 174 1176 sque
200 1108 265 1180 ad
307 1121 442 1162 suos
479 1121 729 1167 reversus
761 1117 862 1168 est.
939 1112 1063 1168 Otto
1091 1114 1194 1169 iter
1220 1111 1463 1170 Italicum
1507 1118 1762 1188 cogitans,
1810 1130 1900 1173 ros
1933 1119 1990 1172 in
2030 1117 2234 1173 Letha-

52 1198 164 1251 ensi
190 1211 361 1266 regno
389 1198 674 1268 vicinaque
702 1199 873 1255 Gallia
903 1201 1114 1270 quietas
1142 1200 1451 1271 relinquere
1480 1202 1745 1259 studebat.
1818 1203 2094 1262 Conradus
2135 1221 2230 1262 re-

49 1297 215 1339 ressns
243 1285 299 1339 in
329 1284 592 1353 quosdam
622 1284 983 1343 Lotbariensis
1012 1290 1160 1356 regni
1190 1288 1445 1343 turbones
1475 1303 1620 1346 arma
1642 1293 1817 1364 vertit,
1845 1299 2017 1351 turres
2047 1308 2231 1351 eorum

49 1373 212 1445 ejecit,
244 1371 513 1441 Baginarii
544 1375 755 1429 comitis
782 1373 1081 1430 Montensis
1125 1377 1317 1445 (quem
1346 1373 1637 1432 Giselberti
1667 1378 1815 1435 ducis
1843 1396 1914 1436 ex
1941 1382 2101 1438 tratre
2125 1396 2232 1440 ne-

49 1465 178 1516 ntem
217 1460 511 1530 aliquoties
552 1462 994 1529 memoravimus)
1043 1467 1274 1517 castrum
1318 1463 1584 1532 quoddam
1631 1467 1789 1537 cepit,
1836 1467 1942 1525 alia
1992 1470 2232 1526 obsideri

49 1551 169 1605 issit.
254 1548 562 1605 Ludovicus
607 1541 704 1603 rex
756 1551 917 1605 etiam
962 1551 1017 1604 in
1060 1547 1369 1605 Gotbertum
1410 1553 1469 1605 et
1508 1551 1888 1620 Angelbertnm
1932 1557 2091 1619 ducit,
2135 1572 2233 1614 ca-

47 1651 159 1693 rum
188 1651 374 1694 eorum
405 1636 647 1706 Brenam,
691 1650 760 1692 ex
795 1650 900 1706 qno
928 1638 1089 1693 vicini
1139 1636 1548 1707 infestabantur,
1594 1637 1735 1696 fame
1777 1645 1919 1713 capit
1960 1648 2017 1699 ot
2057 1646 2233 1719 diruit,

47 1724 189 1782 sinde
216 1723 283 1782 ad
314 1724 645 1794 colloquium
682 1723 1036 1794 proficiscitur
1078 1739 1196 1780 cum
1236 1725 1463 1795 lingone
1497 1730 1554 1782 et
1594 1728 1807 1784 Arnult'o
1852 1729 2097 1788 condicta
2143 1734 2234 1790 die

47 1816 263 1870 tatutum.
338 1811 453 1870 Sed
480 1813 632 1881 Hugo
660 1810 846 1882 defuit,
890 1810 1106 1866 Arnulfo
1135 1810 1398 1884 infensas,
1437 1813 1578 1884 quod
1614 1813 2048 1874 monasteriolum
2090 1819 2231 1876 alia-

47 1916 102 1958 ue
126 1902 370 1958 Herluini
398 1900 641 1957 defuncti
674 1900 795 1956 loca
823 1905 1160 1970 occupasset,
1200 1902 1257 1956 et
1283 1902 1535 1970 adjuncto
1564 1900 1667 1956 sibi
1696 1901 1946 1974 Ilotgario
1987 1906 2232 1965 Herluini

47 1988 124 2062 iio,
150 1988 426 2045 Arnult‘um
455 1990 667 2060 invasit,
707 1989 1054 2045 munitionem
1082 1992 1202 2059 etus
1231 1987 1774 2059 quandamobsedit:
1816 2004 1948 2062 rege
1973 1998 2150 2050 autem
2172 1999 2230 2052 in

47 2084 170 2134 nstra
196 2079 538 2147 adventante,
560 2076 737 2133 soluta
761 2075 1251 2148 obsidione,·usque
1272 2077 1338 2132 ad
1359 2076 1710 2134 Decembrem
1730 2079 1971 2136 inducias
1992 2082 2228 2140 indulsit.

47 2171 204 2223 nterea
233 2168 430 2237 Otgiva
458 2168 642 2236 regina
672 2166 966 2236 improviso
996 2178 1218 2235 egressa
1246 2164 1518 2236 Lauduno,
1551 2166 1617 2220 ad
1646 2167 1960 2223 lietbertum
1979 2169 2229 2244 lietberti

46 2255 160 2310 lium
189 2270 251 2312 se
280 2256 404 2311 duci
435 2257 598 2326 curat,
628 2255 788 2324 eique
826 2251 992 2309 nubit.
1063 2252 1217 2310 Unde
1260 2268 1358 2310 rex
1398 2255 1566 2309 iratus
1594 2252 1864 2311 abbatiam
1902 2255 2228 2314 Laudunen-

47 2355 113 2398 em
131 2345 282 2401 matri
302 2343 505 2414 adimit,
526 2344 738 2412 conjugi
766 2341 963 2414 tribuit,
983 2343 1290 2398 Atoniacum
1319 2344 1422 2411 (au
1439 2342 1752 2398 Attiniacum
1766 2344 1825 2412 ἲ)
1850 2342 2035 2401 fiscale
2062 2360 2226 2416 prae-

46 2431 139 2486 ium
184 2431 248 2488 ad
293 2444 359 2488 se
401 2438 637 2488 revocat.
712 2429 983 2486 Abbatiam
1039 2428 1448 2486 Lauduuensem
1490 2429 1617 2487 olim
1659 2430 1830 2488 tuisse
1868 2433 2165 2503 puellarum
2193 2450 2228 2493 a

50 2558 61 2570 .
85 2519 371 2589 salaberga
400 2523 670 2589 structam,
698 2533 840 2574 nnnc
866 2532 900 2573 a
929 2520 1202 2575 sexcentis
1232 2516 1347 2576 iere
1375 2520 1529 2575 annis
1557 2523 1956 2591 congregationi
1994 2524 2226 2579 virorum

46 2605 299 2678 abitatam,
327 2604 548 2662 mabilio
577 2605 665 2661 bic
688 2611 854 2665 notat.

134 2696 218 2752 38.
291 2693 431 2751 Dum
458 2693 593 2750 baec
626 2695 683 2750 in
711 2695 964 2751 citeriore
992 2693 1164 2751 Gallia
1201 2699 1469 2768 geruntur,
1511 2695 1745 2768 ilungart
1774 2697 2025 2767 (mirum)
2051 2702 2224 2770 Aqui-

45 2784 191 2840 miam
221 2796 408 2839 rursus
440 2782 711 2837 invadunt.
785 2783 866 2853 ili,
894 2782 1041 2839 Taxe
1077 2795 1209 2852 rege
1245 2782 1493 2856 ducente,
1533 2801 1722 2855 magno
1753 2800 1870 2842 cnm
1901 2788 2142 2843 exercitu
2166 2789 2225 2843 in

45 2867 193 2928 aliam
213 2873 489 2930 venerant.
544 2870 898 2939 Bereugarius
926 2883 994 2926 ex
1021 2871 1250 2940 pecunia
1278 2872 1629 2929 ecclesiarum
1666 2878 1725 2930 et
1758 2887 2047 2945 pauperum
2076 2874 2225 2931 duris

45 2959 393 3020 xtorsionibus
421 2959 668 3030 collecta,
709 2971 923 3015 nummo
952 2959 1112 3015 etiam
1152 2960 1207 3014 in
1260 2967 1422 3030 caput
1465 2960 1681 3018 infantis
1723 2963 2030 3032 constituto,
2071 2964 2224 3030 cujus

45 3058 233 3114 nagnam
274 3052 482 3121 partem
522 3047 627 3104 sibi
667 3047 898 3118 retinuit,
943 3046 1129 3103 decem
1168 3048 1378 3103 modios
1419 3050 1639 3120 argenti,
1682 3048 1781 3106 sed
1823 3063 1950 3105 aere
1992 3048 2223 3106 admisto

45 3140 240 3209 orrupti,
271 3138 446 3194 dedit:
488 3139 566 3192 ita
591 3137 777 3193 bostes
804 3139 859 3192 in
878 3136 1226 3207 Aquitaniam,
1257 3137 1309 3191 id
1338 3141 1427 3192 est
1451 3139 1544 3205 (ut
1570 3136 1823 3206 arbitror)
1841 3138 2222 3208 Viennensem,

45 3221 364 3282 melitensem
407 3229 464 3282 et
503 3224 827 3288 Tolosanum
870 3228 1109 3294 tractum,
1153 3227 1359 3280 avertit.
1433 3224 1546 3279 lllic
1577 3239 1673 3295 per
1710 3238 1953 3294 magnam
1996 3225 2220 3280 aestatis

45 3315 196 3367 artem
239 3316 442 3384 morati,
485 3312 742 3370 exhausta
783 3313 982 3384 rapinis
1021 3314 1256 3383 regione,
1300 3325 1395 3383 per
1424 3310 1629 3366 ltaliam
1668 3313 1886 3382 impune
1911 3315 1965 3367 iu
1994 3314 2221 3382 patriam

45 3396 233 3471 adier03
274 3416 467 3470 magno
494 3400 766 3457 hominum
793 3400 937 3455 illius
968 3402 1224 3471 temporis
1253 3405 1473 3471 stupore
1517 3399 1707 3469 dicam,
1746 3414 1817 3456 au
1853 3405 2086 3472 torpore,
2128 3402 2222 3470 qni

45 3495 105 3539 un
144 3487 487 3562 longinquum
533 3488 760 3560 hostem,
820 3491 925 3542 tam
973 3485 1280 3545 difficilibus
1331 3487 1469 3542 locis
1515 3500 1702 3544 arcere
1748 3494 1838 3544 aut
1883 3488 2069 3544 delere
2110 3500 2223 3545 non

46 3575 236 3634 oluere.
305 3579 450 3636 Sane
497 3583 553 3634 et
596 3577 980 3632 Saracenorum
1026 3575 1327 3646 manipulus
1370 3574 1652 3632 Fraxineto
1697 3574 1922 3632 haerere
1965 3577 2220 3647 perrexit,

46 3647 371 3738 igressisque'
396 3667 658 3737 Hungaris
696 3663 863 3735 Alpes
903 3663 1182 3736 infestans,
1224 3666 1655 3735 peregrinaturos
1696 3678 1765 3721 ex
1792 3662 1965 3720 Gallia
1999 3662 2218 3719 Romam

46 3751 258 3825 *etentes
299 3754 603 3811 libertatem
630 3757 838 3809 itineris
868 3751 1107 3823 depensa
1144 3754 1372 3823 pecunia
1398 3751 1663 3808 redimere
1692 3753 1887 3819 coegit.
1958 3750 2066 3806 Sed
2093 3764 2248 3830 mox·

46 3830 107 3891 lia
128 3852 297 3898 rernm
325 3841 497 3899 facies
525 3855 652 3899 sese
679 3838 929 3912 ostendit,
958 3839 1155 3897 ottone
1176 3843 1233 3897 in
1253 3840 1458 3896 italiam
1477 3843 1829 3908 transgresso,
1850 3839 2000 3906 cujus
2020 3836 2219 3896 deiude

46 3933 107 3987 Pe
130 3933 216 3983 aut
240 3934 495 4002 auspiciis
524 3930 756 3997 Hungari
784 3928 989 3985 exclusi
1017 3932 1155 3998 sunt,
1183 3927 1442 3984 Saraceni
1465 3926 1677 3983 tandem
1704 3924 1864 3997 pulsi.

134 4012 215 4071 39.
285 4019 398 4075 Rex
418 4018 748 4087 Germaniae,
778 4022 1061 4086 antequam
1089 4018 1145 4073 in
1164 4015 1372 4072 Italiam
1396 4015 1583 4086 abiret,
1610 4015 1874 4085 insignem
1897 4022 2218 4073 conventum

46 4106 266 4160 roceium
292 4111 441 4176 regni
471 4106 657 4162 habuit
679 4105 1028 4176 Francoinrti,
1057 4117 1215 4175 quem
1244 4101 1597 4174 scriptoribus
1623 4101 1884 4158 historiae
1909 4102 2216 4173 neglectum

45 4181 166 4242 theo
192 4203 259 4245 ex
285 4195 581 4266 appendice
608 4195 785 4264 priore
814 4194 993 4264 operis
1032 4193 1102 4248 de
1137 4190 1424 4260 disciplina
1466 4191 1840 4248 ecclesiastica
1881 4205 1912 4246 a
1941 4189 2215 4258 Reginone

45 4275 281 4333 rumiensi
321 4285 628 4353 conscripti.
714 4281 816 4338 Ubi
858 4281 1129 4338 decretum
1172 4279 1329 4349 liujus
1372 4284 1669 4337 conventus
1709 4280 1955 4347 refertur,
1996 4277 2093 4333 sed
2119 4281 2216 4347 ‚qni

45 4366 96 4409 er
120 4373 343 4424 errorem
385 4371 575 4427 dicitur
613 4374 766 4425 actus
808 4384 856 4426 a.
884 4370 947 4426 D.
977 4369 1097 4440 952,
1137 4384 1259 4425 nam
1298 4369 1521 4424 indictio
1561 4382 1703 4425 nona
1745 4377 2024 4437 annusque
2064 4368 2218 4433 regni

45 4447 204 4505 atonis
249 4452 482 4513 decimus
530 4462 745 4529 quintus
793 4461 848 4515 in
892 4458 1033 4515 hunc
1076 4462 1417 4531 praesentem
1461 4459 1798 4526 conveniunt,
1845 4455 1895 4510 si
1933 4466 2048 4511 rem
2087 4457 2215 4510 ante

108 4562 354 4606 Annus
400 4575 625 4610 runnu
665 4575 787 4611 rou.
817 4565 877 4609 ¹1.
1703 4565 1788 4631 39
