2817 4959
632 313 1166 381 ANNALES
1238 314 1696 384 IMPERII
2195 325 2272 392 5¹

50 491 133 545 ris
165 485 375 543 onnia
402 489 575 557 erant,
612 500 751 558 qnae
776 487 1011 544 nondum
1041 488 1108 545 ad
1134 488 1397 547 haeredes
1426 490 1591 562 ibant,
1620 494 1898 566 magisque
1922 493 1978 551 in
2004 499 2277 567 potestate
2293 498 2364 570 A,
2384 498 2526 573 880,

50 575 474 634 maerdinaria
500 577 763 632 missatici
790 577 1026 634 muneris
1055 592 1215 647 quam
1251 579 1517 636 territorio
1553 580 1908 654 vertebantur,
1946 599 2068 641 cum
2107 588 2283 643 comi-

49 671 172 722 atus
217 664 427 720 dudum
453 663 642 720 liberis
672 664 1129 735 relinquerentun
1162 667 1260 723 sed
1287 682 1411 724 mox
1440 667 1664 726 ducatus
1692 684 1905 743 quoque
1930 674 1986 730 in
2011 678 2283 734 vasatica

49 755 313 812 teneficia
342 755 507 822 versi,
536 753 763 809 eandem
788 752 965 822 legem
994 754 1227 812 subiere.

176 844 273 899 13.
369 842 605 898 anoni
646 856 827 914 caeso,
874 842 1091 904 fratrem
1135 843 1389 904 ottonem
1429 844 1572 902 baud
1613 846 1831 904 dubium
1876 852 1961 906 est
1998 850 2279 912 suffectum

49 949 63 988 ι
98 934 328 988 sororio
373 944 508 999 rege
548 934 605 987 in
654 934 996 988 comitatuum
1040 931 1292 990 bonores.
1381 934 1493 990 Sed
1532 936 1695 992 totius
1732 935 2001 993 saxoniae
2037 938 2278 1011 ducatus,

49 1024 125 1093 {ui
152 1019 488 1091 westfalos,
524 1021 791 1090 Angarios
822 1020 1168 1094 Ostralosque
1194 1022 1662 1095 complecteretur,
1701 1027 1827 1080 tunc
1855 1029 2003 1081 certo
2026 1025 2278 1084 baeredi-

49 1114 291 1181 nrioqae
316 1120 561 1180 munere,
588 1111 841 1179 quantum
865 1109 1126 1179 intelligo,
1154 1111 1332 1167 nullus
1359 1112 1596 1170 extabat.
1666 1112 1950 1184 liebertus,
1977 1114 2279 1185 Reginber·

49 1215 160 1269 aas,
203 1197 474 1255 Ladolius
515 1199 690 1268 copiis
725 1196 992 1268 praefecti
1027 1197 1260 1254 hostium
1285 1201 1717 1271 repellendorum
1745 1205 1928 1274 gratia,
1957 1204 2118 1260 simul
2144 1207 2282 1262 inis-

49 1303 224 1345 ειη-ιιι
253 1291 527 1356 regiorum
557 1289 680 1355 jure
708 1286 1009 1357 utebantur,
1039 1288 1231 1358 quibus
1258 1290 1315 1345 in
1343 1293 1591 1346 caeteros
1621 1294 1845 1350 comites
1867 1295 2127 1349 autoritas
2148 1296 2281 1350 erat,

49 1377 172 1433 Ean
220 1375 461 1431 Lndolfo
506 1381 677 1444 aetas,
724 1379 779 1433 et
832 1377 1039 1447 merita,
1082 1381 1138 1434 et
1174 1377 1435 1434 natalium
1476 1378 1673 1449 decus;
1713 1380 1822 1435 filio
1853 1383 2014 1436 etiam
2042 1380 2279 1439 Brnnoni

50 1469 207 1537 patris
238 1465 414 1535 favor,
444 1469 501 1519 et
522 1468 725 1519 sororis
751 1467 971 1534 reginae
993 1468 1233 1535 potentia
1273 1466 1486 1524 dabant.
1559 1467 1685 1524 Otto
1723 1470 1779 1524 in
1821 1467 1997 1528 fratris
2042 1469 2278 1530 ditiones

49 1558 347 1623 successit3
384 1553 483 1609 sed
511 1552 651 1608 baud
680 1555 813 1624 scio,
841 1567 909 1609 an
938 1569 1148 1611 omnem
1168 1557 1351 1612 statim
1372 1557 1713 1616 autoritatem
1737 1556 2041 1642 obtinuerit,
2067 1560 2281 1629 magni-

49 1645 229 1700 mdine
256 1642 478 1698 Benrici
506 1641 659 1697 ducis
686 1645 879 1712 [quem
907 1658 1164 1711 generum
1190 1647 1310 1713 ejus
1339 1643 1578 1715 faciunt)
1598 1645 1924 1716 aliquandiu
1943 1645 2276 1706 caumata

49 1734 100 1787 is
142 1729 869 1804 Popponis‚'1'buringorum
913 1733 1141 1787 rectoris
1172 1731 1355 1802 frater,
1395 1736 1638 1790 victoriis
1679 1734 1910 1806 inclytas
1949 1733 2050 1790 sub
2081 1734 2277 1792 Carolo

49 1822 274 1890 Crasso,
314 1820 510 1875 bellum
556 1819 962 1876 administravit.
1062 1819 1170 1876 Sed
1213 1824 1269 1876 et
1306 1821 1471 1892 paulo
1518 1829 1643 1879 ante
1683 1822 1855 1892 Egino
1898 1836 2098 1893 comes,
2138 1825 2280 1880 inter

50 1911 308 1965 Saxones
360 1911 559 1979 potens,
604 1906 875 1979 Popponis
924 1907 1175 1977 Thuringi
1229 1908 1570 1966 adversarius
1615 1915 1954 1968 monentur.
2043 1910 2276 1968 ilenrico

50 2005 245 2054 tamn
274 1999 328 2051 in
356 1995 519 2053 Gauia
547 2011 729 2064 caeso,
759 1998 824 2053 ad
854 1997 1122 2066 Ottonem,
1149 2001 1277 2066 post
1306 1997 1451 2053 edita
1478 2000 1690 2054 virtutis
1718 2000 2032 2070 specimina,
2071 1998 2282 2056 redisse

49 2092 281 2159 apparet
320 2088 525 2158 inperii
558 2085 805 2142 militaris
844 2089 903 2141 et
942 2087 1201 2141 missatici
1241 2087 1377 2155 regii
1414 2090 1757 2157 potestatem.
1829 2086 2020 2157 ltaque
2046 2084 2146 2142 sub
2173 2088 2281 2146 Ar·

49 2175 204 2233 uulso
232 2179 285 2229 in
314 2174 519 2229 Italiam
550 2177 736 2245 copias
777 2175 945 2246 duxit,
979 2176 1353 2245 proximusque
1396 2189 1430 2231 a
1470 2188 1597 2245 rege
1638 2176 1954 2232 nominatur.
2028 2175 2178 2234 Haec
2211 2176 2279 2232 ad

49 2264 455 2334 intelligendam
483 2268 782 2333 temporum
812 2263 1007 2318 faciem
1030 2263 1267 2320 notanda
1294 2263 1464 2320 suere.
1552 2263 1845 2321 Gobelinus
1886 2267 2065 2322 statim
2101 2260 2169 2323 ab
2209 2278 2280 2323 eo

49 2367 335 2427 repressos
364 2355 649 2422 victosque
674 2352 1024 2420 Normanno's,
1050 2349 1200 2407 nullo
1229 2351 1373 2409 bono
1401 2357 1587 2408 autore
1615 2355 1846 2424 scripsit.

191 2445 278 2499 14.
354 2440 663 2496 Ludovicus
705 2455 799 2496 rex
835 2438 1089 2512 paschale
1130 2439 1328 2496 festum
1356 2440 1689 2498 Francofurti
1718 2440 2031 2500 celebravit.
2103 2443 2188 2500 Ibi
2223 2445 2283 2500 ei

50 2534 349 2588 nuntiatum
389 2534 496 2597 est,
536 2528 981 2585 carolomannum
1012 2529 1093 2583 11.
1122 2527 1236 2585 Kal.
1265 2525 1430 2600 Apiil.
1460 2530 1787 2587 decessisse.
1857 2531 2012 2603 Apud
2043 2530 2280 2601 odingas

53 2625 173 2692 (qni
200 2620 361 2675 locus
390 2631 533 2672 nunc
561 2630 776 2689 quoque
805 2630 904 2688 per
928 2616 1244 2685 religionem
1273 2617 1607 2688 celebratur)
1637 2621 1785 2689 regio
1814 2633 1964 2675 more
1993 2620 2280 2678 tumulatus

55 2717 145 2766 est.
219 2708 487 2764 Pietatem
514 2708 786 2778 principis,
811 2720 1019 2771 ,norum
1048 2705 1400 2779 honestatem,
1448 2710 1580 2777 quin
1619 2712 1674 2763 et
1699 2707 1971 2763 literarum
2000 2708 2283 2766 scientiam

55 2797 253 2868 aegino
281 2793 634 2853 commendat.
688 2793 864 2865 Addit,
896 2794 1287 2865 pulchritudine
1315 2795 1597 2866 insignem,
1625 2794 1830 2851 viribus
1847 2797 2090 2864 corperis
2107 2795 2284 2852 aduin-

57 2887 289 2957 rab‘ien‚
328 2898 436 2941 aec
471 2885 635 2940 animi
664 2883 1023 2952 magnitudine
1049 2882 1357 2940 inferiorem
1394 2883 1596 2951 suisse3
1639 2881 1895 2937 solertem
1935 2883 1992 2937 in
2029 2884 2282 2955 negotiis,

59 2979 245 3042 iusta:
284 2975 346 3029 in
388 2975 589 3043 causis,
634 2972 877 3028 crebrum
922 2974 1199 3041 victoriis;
1246 2973 1398 3040 regni
1446 2971 1677 3040 denique
1700 2968 2177 3043 'amplificatum-i,
2224 2976 2282 3028 et

60 3063 331 3118 Slarerun
380 3061 729 3117 domitorem:
784 3061 882 3116 sed
926 3061 1166 3128 legitima
1216 3057 1409 3114 sobole
1456 3061 1783 3130 destitutum,
1827 3057 1894 3113 ob
1935 3059 2280 3116 infoecundi-

61 3158 212 3207 tatem
254 3153 520 3220 conjugis,
565 3163 631 3204 ex
672 3149 839 3205 nobili
880 3148 1061 3218 puella
1100 3147 1365 3217 elegantis
1392 3146 1598 3204 formae
1633 3146 1797 3203 filium
1831 3149 2149 3246 suscepisse
2178 3149 2283 3206 Ar-

63 3240 270 3312 nulfun,
312 3242 408 3310 qui
450 3238 662 3293 tandem
708 3239 1004 3307 imperavit.
1096 3235 1393 3306 Conjugen
1435 3236 1654 3293 Ernesti
1699 3237 1852 3294 ducis
1897 3219 2082 3293 filiam
2108 3236 2283 3295 inisse

65 3330 305 3384 fiscinas
347 3339 417 3382 ex
460 3325 737 3382 annalibus
765 3326 1085 3382 Bertinianis
1123 3325 1191 3380 ad
1219 3339 1267 3381 a.
1294 3324 1356 3379 D.
1383 3324 1508 3396 861,
1547 3329 1638 3397 qni
1668 3326 1998 3397 optimatium
2026 3325 2284 3384 Ludovici

65 3415 357 3474 Germanici
382 3415 689 3485 aliquandiu
727 3429 960 3471 summus
989 3413 1272 3470 annalibus
1299 3413 1652 3470 fuldensibus
1681 3413 1876 3474 dicitur
1911 3414 1980 3470 ad
2009 3429 2056 3470 a.
2084 3413 2148 3470 D.
2173 3414 2282 3473 84⁹

67 3512 104 3560 st
124 3506 255 3563 861.
330 3503 558 3566 Quidam
586 3503 963 3570 Hildegardem
990 3508 1184 3560 vocant
1210 3501 1446 3573 puellam
1473 3502 1622 3558 illam
1649 3501 1905 3576 nobilem.
1975 3501 2101 3574 Ipse
2139 3502 2282 3558 filins

69 3599 165 3662 tias
193 3593 455 3650 Aru-trus
484 3591 856 3650 Ludswindam
883 3596 1044 3648 vocat
1070 3594 1125 3648 in
1150 3590 1366 3662 tabulis,
1395 3590 1598 3660 quibus
1620 3594 2002 3648 monasterium
2030 3589 2282 3647 Mosbur-

71 3697 218 3750 ‚tense
244 3688 377 3753 post
402 3679 604 3736 obitum
630 3684 766 3753 ejus,
798 3682 851 3736 in
874 3684 969 3750 jus
995 3680 1356 3750 Fusa-gensis
1383 3681 1660 3737 ecclesiae
1688 3681 1888 3737 cedere
1915 3679 2118 3737 debere
2146 3693 2286 3736 con-

72 3775 219 3828 itituit
250 3771 338 3826 ¹3.
364 3769 482 3825 Kal.
509 3769 641 3839 Aug.
671 3785 718 3827 a.
750 3769 959 3826 13:995.
989 3770 1097 3826 ind.
1129 3770 1212 3826 13.
1243 3783 1383 3824 anno
1411 3773 1564 3839 regni
1593 3772 1802 3824 octavo.
1885 3768 2046 3823 Extat
2071 3770 2128 3823 in
2161 3767 2283 3825 Μο-

73 3862 246 3933 mpoli
274 3858 693 3928 Salisburgensi.
767 3858 992 3922 Quidam
1031 3858 1180 3914 nullo
1224 3863 1409 3914 autore
1451 3857 1666 3916 Slavam
1709 3862 1831 3913 ortu
1873 3856 2092 3927 iaciunt,
2138 3856 2280 3927 qaod

76 3949 135 4014 [at
178 3953 239 4005 ιιι
289 3946 507 4003 ottonis
552 3947 620 4003 Μ.
668 3946 811 4015 (ilio)
851 3947 1008 4006 ambo
1051 3950 1343 4016 scriptores
1384 3946 1547 4001 credo
1592 3960 1701 4001 non
1740 3947 2053 4022 tacuissent.
2143 3943 2284 4001 Ger-

77 4049 275 4106 aaaam,
312 4049 419 4091 nec
460 4036 721 4094 mediocri
750 4050 950 4104 genere
982 4039 1150 4090 ortam
1192 4033 1379 4105 fnisse,
1406 4036 1753 4091 verisimilius
1780 4033 2022 4090 arbitror.
2093 4033 2282 4104 anue

77 4117 121 4178 la
156 4139 217 4180 re
257 4125 471 4180 dicetur
511 4123 687 4180 adbuc
726 4124 926 4194 aliquid
970 4125 1035 4179 ad
1079 4137 1125 4177 a.
1166 4124 1225 4179 0.
1269 4122 1391 4178 907.
1464 4122 1600 4178 Sunt
1639 4122 1778 4192 apud
1819 4122 2146 4194 Stumpfium,
2189 4123 2281 4191 qni

79 4203 327 4268 halim
370 4211 569 4268 frustra
621 4213 913 4282 legitimum
955 4212 1158 4269 volunt.
1241 4212 1494 4268 blondum
1537 4211 1703 4267 alteri
1758 4212 2032 4283 diplomati
2078 4209 2282 4266 Amuifi

81 4293 233 4357 hesse
264 4301 605 4372 crediderim,
637 4301 778 4373 quod
805 4301 1039 4357 Miraeus
1066 4302 1332 4372 produxit,
1373 4298 1466 4354 ubi
1505 4299 1647 4356 diem
1679 4298 2279 4369 10.1ta1.0ctob.,qno

83 4394 257 4454 miter
298 4393 419 4458 ejus
461 4389 780 4460 decesserit,
819 4391 872 4444 in
910 4389 1202 4490 Leodiensi
1243 4393 1300 4443 et
1345 4387 1600 4445 Lobiensi
1644 4388 1878 4444 ecclesia
1916 4388 2280 4443 anniversario

83 4477 158 4531 *a
185 4477 443 4534 celebrari
466 4476 641 4546 jubet.

1759 4567 1854 4630 4*
