2817 4959
730 258 1259 329 ANNALES
1332 261 1793 331 {uranii
2245 273 2372 339 503

72 437 286 515 [arca
332 433 440 488 boc
479 436 689 503 tempus
729 437 1053 507 susceptam.
1123 435 1184 492 Sl
1222 435 1601 508 Luitprandum
1640 426 1974 513 audiremus,
1998 440 2136 497 baec
2176 441 2373 502 ottone
2399 446 2468 517 Α.
2487 444 2618 517 041,

70 520 241 605 „fiam
293 521 438 590 apud
486 521 779 579 Germanos
825 525 1122 595 imperante
1163 526 1536 597 contigissent,
1595 527 1693 584 sed
1738 541 1922 599 parum
1965 531 2062 586 ille
2108 530 2244 587 fidus
2288 538 2376 590 est

68 608 529 679 chronologiae
553 611 731 668 index.

282 697 373 754 18.
444 699 578 755 Mira
603 713 694 756 res
723 702 825 771 est,
852 714 971 756 cum
1000 697 1191 759 Graeci
1212 703 1325 769 jam
1356 705 1434 758 tot
1460 706 1615 760 annis
1645 705 1768 773 igne
1795 719 1894 760 suo
1919 704 2124 776 liquido
2150 710 2371 766 uteren-

62 790 239 877 ιιιῐ,
269 788 577 844 incendium
605 787 835 859 ferente,
874 786 1177 860 ubicunque
1204 793 1283 847 rei
1311 791 1617 848 combustili
1649 792 2017 864 adhaesisset3
2054 808 2212 865 quem
2242 795 2370 853 Cal-

62 834 342 931 Ἰιιιιοιιε
376 876 703 934 architectus
745 876 1101 934 Constantino
1140 878 1411 948 Pogonato
1453 886 1581 937 ante
1621 881 1747 938 bina
1783 881 1969 939 secula
2009 895 2126 938 cum
2154 883 2373 941 dimidio

60 932 530 1037 {suppeditasse
569 964 767 1033 fertur-3
808 980 921 1023 rem
963 970 1159 1023 tantam
1199 973 1303 1022 tam
1335 969 1425 1023 diu
1453 968 1717 1025 occultam
1755 985 1972 1027 manere
1999 972 2272 1042 potuisse;
2313 980 2372 1030 ιιι

94 1058 400 1113 .actenus
428 1065 605 1125 neque
631 1053 833 1112 Latinis
862 1070 1039 1126 neque
1066 1056 1351 1112 Saracenis
1380 1058 1761 1116 innotesceret.
1834 1060 2070 1116 Tandem
2098 1064 2276 1118 tamen
2303 1063 2369 1117 ad

96 1140 443 1199 Saracenos
472 1145 635 1215 prius,
676 1158 833 1215 quam
861 1144 928 1200 ad
957 1144 1275 1201 christianos
1305 1146 1674 1202 occidentales
1711 1150 1973 1222 pervenit,
2012 1151 2158 1205 tanta
2186 1148 2370 1206 horum

110 1232 468 1301 negligentia
508 1237 639 1289 erat.
712 1233 849 1289 Nam
874 1247 942 1288 eo
970 1233 1265 1305 Aegyptios
1306 1236 1373 1290 in·
1398 1233 1722 1292 Ludovicum
1761 1235 1967 1293 Galliae
2007 1250 2191 1307 regem
2233 1239 2373 1295 inter

112 1325 361 1377 sanctos
389 1320 614 1377 relatum
633 1336 764 1376 usos
784 1324 1011 1379 constat.
1084 1322 1348 1387 Quanam
1362 1323 1608 1391 judicare
1627 1325 1759 1381 licet
1776 1325 1845 1381 de
1863 1328 2099 1396 remotis,
2127 1325 2248 1383 bic
2233 1329 2372 1395 ignis

48 1382 379 1497 {pulveris
407 1412 543 1481 pyrii
570 1410 903 1479 praeludium
932 1410 1058 1470 fuit:
1085 1426 1210 1468 nam
1231 1426 1298 1469 ex
1315 1415 1458 1469 niteo
1475 1427 1617 1469 novo
1632 1412 1939 1484 (veteribus
1957 1413 2145 1469 nullibi
2166 1428 2374 1472 memo-

76 1566 87 1573 ·
48 1474 303 1568 ἓ“““ι·ιιιιι),
329 1499 382 1553 id
403 1502 488 1553 est
506 1498 621 1553 sale
640 1504 844 1570 petrae,
873 1504 930 1555 ut
948 1501 1238 1572 appellant,
1259 1516 1376 1557 cum
1396 1500 1653 1572 sulphure
1671 1500 1968 1573 parabatur,
1987 1502 2179 1572 quibus
2198 1507 2371 1559 mate-

44 1590 81 1659 r·
118 1588 248 1642 riae
290 1586 658 1656 liquescentes
701 1592 757 1644 et
794 1591 1017 1645 tenaces
1053 1588 1439 1645 imbuebantur.
1514 1589 1674 1645 Tales
1702 1590 1954 1645 incendii
1964 1590 2181 1647 fomites
2210 1595 2368 1648 etiam

44 1672 59 1687 ¹*
112 1690 279 1730 nunc
320 1676 555 1732 artifices
595 1681 799 1746 parant.
874 1676 1120 1734 Germani
1158 1682 1357 1734 vocant
1395 1678 1697 1745 glutinosos
1738 1681 1912 1750 ignes,
1953 1679 2348 1752 „neb-fenest
2356 1724 2366 1734 .

40 1752 79 1777 ·“
112 1765 338 1819 Nitrum
357 1770 603 1821 veterum
628 1778 716 1821 res
743 1770 860 1823 erat
886 1766 1048 1837 plane
1074 1767 1286 1823 diversa
1315 1781 1346 1821 a
1367 1781 1530 1836 novo,
1558 1782 1678 1823 cum
1705 1766 1867 1824 fuerit
1884 1767 2103 1824 alcalini
2132 1770 2363 1842 generis,

38 1924 41 1933 Ι
116 1852 277 1923 quod
302 1853 367 1909 ad
388 1852 725 1913 absorbenda
745 1853 898 1910 acida
917 1859 973 1910 et
992 1853 1059 1910 ad
1087 1855 1272 1909 lixivia
1298 1854 1460 1911 valet.
1532 1856 1642 1911 Sed
1670 1855 1769 1927 sal,
1798 1870 1960 1926 quem
1984 1854 2146 1911 bodie
2172 1857 2367 1913 nitrum

36 1944 41 1959 ²
114 1941 334 2012 dicunt,
376 1947 431 1998 et
468 1942 609 1998 male
648 1942 819 1998 salem
848 1947 1041 2013 petrae
1064 1947 1295 2012 vertunt,
1334 1943 1400 1999 ad
1445 1944 1598 2001 acida
1637 1943 1828 2000 referri
1871 1943 2049 2000 debet
2124 1943 2365 2012 Ignotum

32 2106 37 2107 ἶ
118 2030 358 2086 Graecis
387 2045 452 2086 ac
470 2029 721 2087 Romanis
747 2033 886 2102 (etsi
913 2045 1057 2087 nune
1082 2030 1281 2101 ubique
1309 2030 1428 2089 fere
1457 2045 1524 2087 ex
1552 2036 1709 2101 terra,
1738 2046 1835 2088 sua
1863 2036 2048 2104 matre,
2077 2032 2368 2102 coquatur)

32 2134 35 2137 ·
118 2120 514 2176 orientaliores
541 2120 727 2190 populi
758 2119 1026 2190 Europam
1054 2119 1309 2176 decuisse
1337 2120 1597 2176 videntur.
1671 2120 1803 2175 Cum
1831 2120 1922 2176 diu
1958 2125 2162 2176 tantum
2190 2121 2255 2177 ad
2285 2122 2368 2175 in-

116 2208 329 2264 cendia
354 2208 632 2279 valuisset,
675 2209 897 2265 tandem
920 2211 1151 2280 impetus
1180 2209 1394 2265 additus
1435 2214 1535 2279 est,
1575 2194 1857 2280 postquam
1886 2212 2107 2266 materia
2133 2210 2283 2279 pyria
2311 2212 2368 2265 ιιι

116 2297 356 2367 granula
382 2297 554 2366 redigi
584 2299 781 2367 coepit,
809 2282 871 2353 ιιι
898 2300 1012 2352 tota
1040 2296 1219 2353 subito
1246 2301 1424 2367 ignem
1455 2300 1742 2367 concipere
1769 2302 1978 2369 posset.
2033 2297 2110 2353 Ita
2129 2296 2365 2353 Berteldi

34 2400 47 2405 ·
116 2384 406 2454 cujusdam
434 2384 721 2442 Scbwarzii
758 2385 1004 2441 monachi
1036 2385 1282 2442 Germani
1310 2399 1546 2458 munere,
1587 2387 1635 2443 si
1662 2401 1791 2444 vera
1825 2386 2143 2456 referuntur,
2186 2385 2364 2443 datum

120 2479 216 2532 est
244 2473 475 2530 humano
503 2476 688 2542 generi
718 2474 1049 2531 incredibilis
1076 2476 1352 2546 potentiae
1381 2476 1803 2545 instrumentum,
1833 2489 1939 2545 quo
1968 2477 2165 2531 utinam
2195 2476 2364 2544 magis

23 2552 51 2573 ““
116 2565 197 2621 ad
225 2563 530 2634 superanda
555 2568 775 2619 naturae
804 2563 1083 2619 obstacula
1111 2577 1265 2634 quam
1297 2565 1349 2617 in
1380 2566 1560 2619 mutua
1590 2564 1778 2620 damna
1807 2567 2057 2620 uteretur.

38 2649 47 2659 '
272 2651 356 2707 19.
425 2652 568 2707 Boso
596 2650 833 2708 marchio
860 2650 1107 2722 Tusciae,
1137 2651 1300 2707 frater
1325 2650 1566 2718 Hugonis
1594 2654 1739 2720 regis
1767 2664 2065 2720 germanae,
2096 2654 2208 2719 jam
2237 2655 2362 2709 ante

23 2733 45 2811 ἒ
119 2741 337 2811 aliquot
364 2754 533 2797 annos
575 2743 842 2796 extinctus
886 2745 1015 2810 erat,
1061 2739 1220 2810 idque
1250 2752 1513 2810 apparere
1541 2739 1751 2795 videtur
1790 2753 1858 2794 ex
1887 2738 2082 2793 tabulis
2109 2738 2362 2812 lingonis,

122 2828 325 2901 quibus
354 2833 472 2899 ejus
500 2828 843 2886 donationem
870 2830 1194 2884 monasterio
1223 2827 1531 2882 Aretinensi
1561 2827 1753 2882 factam
1784 2825 2060 2882 confirmat
2087 2840 2133 2881 a.
2152 2826 2214 2882 D.
2239 2827 2359 2898 938,

23 2911 35 2946 ⁹
121 2918 570 2988 quemadmodum
608 2917 724 2973 illic
763 2919 1081 2974 notavimus·
1155 2914 1309 2985 lingo
1350 2914 1642 2971 Hubertum
1681 2913 1844 2970 filium
1881 2929 1950 2971 ex
1979 2913 2361 2970 wandelmoda

27 2998 36 3011 '
122 3004 299 3062 nobili
338 3006 519 3077 puella
558 3005 838 3076 Burgunda
876 3006 1015 3076 (non
1059 3003 1374 3073 Carentana,
1423 3008 1481 3057 ut
1521 3003 1708 3059 scribit
1747 3003 1958 3072 Arena)
2002 3002 2358 3059 marchionem

23 3089 33 3110 ⁴*
127 3095 360 3150 Tusciae
389 3096 554 3165 creat,
583 3094 1027 3165 quemadmodum
1054 3091 1407 3162 Luitprandus
1439 3095 1676 3162 testatur,
1721 3094 1812 3162 qui
1839 3106 1938 3147 suo
1968 3104 2088 3147 eum
2119 3094 2361 3160 tempore

25 3175 28 3208 ³
127 3180 470 3254 superfuisse
511 3183 697 3240 scribit
737 3188 795 3240 et
833 3183 1061 3240 Tusciae
1103 3182 1413 3251 provinciae
1455 3184 1732 3250 potentem
1771 3182 2065 3252 principem
2105 3178 2357 3250 appellat.

128 3271 399 3327 Promittit
438 3273 557 3340 ejus
597 3277 768 3344 gesta,
810 3272 1117 3328 continuata
1156 3272 1220 3326 ad
1263 3282 1360 3326 sua
1401 3275 1642 3339 tempora
1677 3269 1915 3341 historia,
1957 3270 2054 3324 sed
2088 3267 2219 3323 nibil
2247 3267 2358 3324 tale

121 3364 294 3419 extat.
364 3358 539 3416 Prima
566 3363 684 3429 ejus
712 3362 913 3416 mentio
944 3364 1029 3415 est
1063 3361 1117 3415 in
1146 3360 1432 3428 sententia,
1470 3372 1626 3426 quam
1654 3358 1793 3427 apud
1823 3358 1971 3413 Pisas
1998 3358 2359 3427 pronuntiavit

118 3463 225 3520 pro
256 3445 501 3504 Conrado
528 3451 787 3520 episcopo
815 3447 1063 3505 Lucensi.
1134 3448 1275 3505 Data
1298 3450 1385 3503 est
1413 3462 1560 3502 anuo
1583 3447 1669 3501 15.
1697 3446 1955 3518 Huyomts,
1985 3447 2071 3501 10.
2093 3445 2358 3508 Leuant,

120 3540 217 3595 die
245 3538 333 3593 14.
360 3536 548 3593 Martii
579 3539 764 3594 indict.
795 3539 882 3593 14.
925 3537 1005 3604 [id
1043 3541 1129 3594 est
1167 3536 1272 3592 boc
1311 3542 1494 3607 annoJ,
1534 3537 1752 3608 quando
1791 3550 1916 3590 cum
1952 3534 2264 3589 marchione
2303 3536 2357 3588 et

116 3629 319 3684 comeo
354 3628 552 3699 palatii
591 3627 787 3682 Uberto
824 3629 884 3682 ιιι
912 3624 1127 3694 judicio
1161 3626 1470 3681 residebant
1513 3624 1828 3680 Adulardus
1869 3624 2152 3691 episcopus
2189 3619 2362 3675 Vola-

118 3721 385 3771 terram
421 3718 476 3771 et
512 3715 837 3771 Adalbertue
875 3714 1170 3770 Lunensis:
1216 3720 1271 3769 et
1309 3720 1459 3770 notat
1498 3712 1871 3779 Florentinius,
1913 3712 1970 3764 ιιι
2009 3706 2351 3764 refractarios

118 3817 352 3876 poenam
392 3805 739 3861 constituisse
785 3803 1079 3859 {luber-tum
1126 3801 1275 3859 mille
1320 3815 1691 3857 mancosorum
1738 3798 1867 3867 auri,
1914 3811 2134 3867 quorum
2177 3798 2359 3852 media

119 3905 249 3964 pars
277 3904 522 3949 camerae
550 3894 719 3963 ipsius
748 3896 888 3962 (non
917 3892 1148 3962 regiae),
1175 3892 1343 3947 altera
1362 3894 1622 3961 episcopo
1643 3886 1890 3943 Conrado
1906 3886 2166 3943 solvenda
2185 3891 2350 3942 esset.

118 3981 249 4039 Alia
275 3996 372 4051 pro
402 3981 593 4037 eodem
623 3984 880 4052 episcopo
900 3980 968 4036 ab
987 3979 1187 4036 Uberto
1211 3981 1480 4035 sententia
1509 3978 1846 4048 pronuntiata
1863 3979 1966 4045 est,
1982 3973 2173 4031 eodem
2192 3987 2349 4043 anne,

122 4070 325 4137 Lucae,
352 4085 473 4124 cnm
500 4073 561 4124 in
578 4072 791 4137 judicio
819 4071 1084 4126 resideret
1109 4069 1378 4124 unbertus
1402 4067 1644 4122 marchio
1671 4068 1723 4119 et
1738 4065 2138 4132 compalatii.
2192 4063 2351 4120 Extat

113 4158 259 4214 haec
294 4172 509 4229 quoque
547 4163 799 4228 excerpta
838 4158 978 4230 apud
1002 4158 1340 4216 Franciscum
1369 4155 1589 4211 Mariam
1615 4153 1995 4209 Florentinium
2032 4151 2349 4207 Lucensem.

117 4246 410 4317 Utramque
433 4250 545 4317 jam
567 4248 813 4303 attulerat
832 4247 1078 4303 Placidus
1096 4244 1431 4302 Puccinellus
1460 4246 1511 4298 in
1531 4241 1671 4298 libro
1698 4243 1766 4297 de
1793 4240 2066 4299 abbatia-10*
2070 4239 2345 4295 lorentina.

116 4335 483 4393 morenunins
498 4335 681 4406 refert,
701 4334 842 4392 bunc
859 4338 1153 4408 principem
1172 4338 1225 4391 in
1244 4334 1569 4391 venditionis
1588 4333 1863 4403 cujusdam
1880 4330 2069 4389 notitia
2086 4342 2132 4384 a.
2148 4325 2346 4384 11952.

118 4425 328 4496 scripta
352 4423 421 4483 de
450 4434 513 4483 se
538 4426 622 4482 sic
649 4423 877 4483 barbare
901 4426 1079 4498 loqui:
1154 4425 1271 4496 qu
1304 4423 1498 4480 chrto
1522 4423 1766 4480 marchio
1790 4421 1905 4495 que
1930 4420 2137 4476 mente
2161 4415 2347 4489 salica

53 1202 101 1239 ,-

52 1292 85 1329 Ε·
