<?xml version="1.0" encoding="UTF-8"?>
<!DOCTYPE html PUBLIC "-//W3C//DTD XHTML 1.0 Transitional//EN"
    "http://www.w3.org/TR/xhtml1/DTD/xhtml1-transitional.dtd">
<html xmlns="http://www.w3.org/1999/xhtml" xml:lang="en" lang="en">
 <head>
  <title>
</title>
<meta http-equiv="Content-Type" content="text/html;charset=utf-8" />
  <meta name='ocr-system' content='tesseract 3.04.00' />
  <meta name='ocr-capabilities' content='ocr_page ocr_carea ocr_par ocr_line ocrx_word'/>
</head>
<body>
  <div class='ocr_page' id='page_1' title='image "./godofrwilhleibn00pertgoog/godofrwilhleibn00pertgoog_0607.png"; bbox 0 0 2817 4959; ppageno 0'>
   <div class='ocr_carea' id='block_1_1' title="bbox 664 299 2315 383">
    <p class='ocr_par' dir='ltr' id='par_1_1' title="bbox 664 299 2315 383">
     <span class='ocr_line' id='line_1_1' title="bbox 664 299 2315 383; baseline 0.004 -14"><span class='ocrx_word' id='word_1_1' title='bbox 664 299 1204 374; x_wconf 73' lang='lat' dir='ltr'>ANNALES</span> <span class='ocrx_word' id='word_1_2' title='bbox 1275 301 1738 373; x_wconf 71' lang='lat' dir='ltr'><strong>luminii</strong></span> <span class='ocrx_word' id='word_1_3' title='bbox 2086 377 2092 383; x_wconf 82' lang='grc'><strong>,</strong></span> <span class='ocrx_word' id='word_1_4' title='bbox 2184 309 2315 376; x_wconf 78' lang='grc'><strong>579</strong></span> 
     </span>
    </p>
   </div>
   <div class='ocr_carea' id='block_1_2' title="bbox 43 472 2778 4547">
    <p class='ocr_par' dir='ltr' id='par_1_2' title="bbox 68 472 2778 907">
     <span class='ocr_line' id='line_1_2' title="bbox 70 472 2778 559; baseline 0.003 -27"><span class='ocrx_word' id='word_1_5' title='bbox 70 472 386 534; x_wconf 69' lang='lat' dir='ltr'><strong>mechtildis</strong></span> <span class='ocrx_word' id='word_1_6' title='bbox 401 472 458 534; x_wconf 88' lang='lat' dir='ltr'><strong>in</strong></span> <span class='ocrx_word' id='word_1_7' title='bbox 475 475 811 535; x_wconf 77' lang='lat' dir='ltr'><strong>matrimonio</strong></span> <span class='ocrx_word' id='word_1_8' title='bbox 829 475 1032 534; x_wconf 88' lang='lat' dir='ltr'><strong>babuit.</strong></span> <span class='ocrx_word' id='word_1_9' title='bbox 1069 477 1254 537; x_wconf 78' lang='lat' dir='ltr'><strong>Ultimi</strong></span> <span class='ocrx_word' id='word_1_10' title='bbox 1269 491 1340 535; x_wconf 86' lang='lat' dir='ltr'><strong>ex</strong></span> <span class='ocrx_word' id='word_1_11' title='bbox 1355 477 1828 537; x_wconf 76' lang='lat' dir='ltr'><strong>Her-manuidarum</strong></span> <span class='ocrx_word' id='word_1_12' title='bbox 1847 479 1966 539; x_wconf 90' lang='lat' dir='ltr'><strong>sive</strong></span> <span class='ocrx_word' id='word_1_13' title='bbox 1977 478 2316 552; x_wconf 76' lang='lat' dir='ltr'><strong>Billiugano-</strong></span> <span class='ocrx_word' id='word_1_14' title='bbox 2341 479 2411 553; x_wconf 62' lang='grc' dir='ltr'><strong>Δ.</strong></span> <span class='ocrx_word' id='word_1_15' title='bbox 2426 480 2568 553; x_wconf 69' lang='grc'><strong>950.</strong></span> <span class='ocrx_word' id='word_1_16' title='bbox 2775 474 2778 559; x_wconf 43' lang='lat' dir='ltr'><strong>i</strong></span> 
     </span>
     <span class='ocr_line' id='line_1_3' title="bbox 74 563 2778 636; baseline 0.004 -16"><span class='ocrx_word' id='word_1_17' title='bbox 74 578 199 621; x_wconf 78' lang='lat' dir='ltr'><strong>rum</strong></span> <span class='ocrx_word' id='word_1_18' title='bbox 226 566 397 635; x_wconf 84' lang='lat' dir='ltr'><strong>stirpe</strong></span> <span class='ocrx_word' id='word_1_19' title='bbox 421 563 691 622; x_wconf 82' lang='lat' dir='ltr'><strong>saxoniae</strong></span> <span class='ocrx_word' id='word_1_20' title='bbox 716 566 870 623; x_wconf 85' lang='lat' dir='ltr'><strong>ducis</strong></span> <span class='ocrx_word' id='word_1_21' title='bbox 896 566 1076 636; x_wconf 70' lang='lat' dir='ltr'><strong>Magni</strong></span> <span class='ocrx_word' id='word_1_22' title='bbox 1101 567 1250 625; x_wconf 85' lang='lat' dir='ltr'><strong>filiae</strong></span> <span class='ocrx_word' id='word_1_23' title='bbox 1273 569 1480 625; x_wconf 86' lang='lat' dir='ltr'><strong>maritis</strong></span> <span class='ocrx_word' id='word_1_24' title='bbox 1507 571 1623 625; x_wconf 88' lang='lat' dir='ltr'><strong>suis</strong></span> <span class='ocrx_word' id='word_1_25' title='bbox 1649 570 1839 627; x_wconf 85' lang='lat' dir='ltr'><strong>ducem</strong></span> <span class='ocrx_word' id='word_1_26' title='bbox 1856 569 2143 627; x_wconf 77' lang='lat' dir='ltr'><strong>ilenricum</strong></span> <span class='ocrx_word' id='word_1_27' title='bbox 2161 570 2320 630; x_wconf 85' lang='lat' dir='ltr'><strong>Wel-</strong></span> <span class='ocrx_word' id='word_1_28' title='bbox 2777 572 2778 589; x_wconf 65' lang='lat'>¹</span> 
     </span>
     <span class='ocr_line' id='line_1_4' title="bbox 75 653 2318 731; baseline 0.002 -20"><span class='ocrx_word' id='word_1_29' title='bbox 75 653 196 711; x_wconf 75' lang='lat' dir='ltr'><strong>rum</strong></span> <span class='ocrx_word' id='word_1_30' title='bbox 223 657 280 710; x_wconf 91' lang='lat' dir='ltr'><strong>et</strong></span> <span class='ocrx_word' id='word_1_31' title='bbox 306 653 667 712; x_wconf 82' lang='lat' dir='ltr'><strong>marchionem</strong></span> <span class='ocrx_word' id='word_1_32' title='bbox 685 654 963 713; x_wconf 76' lang='lat' dir='ltr'><strong>Albertum</strong></span> <span class='ocrx_word' id='word_1_33' title='bbox 980 655 1169 713; x_wconf 82' lang='lat' dir='ltr'><strong>Ursum</strong></span> <span class='ocrx_word' id='word_1_34' title='bbox 1197 668 1494 730; x_wconf 81' lang='lat' dir='ltr'><strong>peperere3</strong></span> <span class='ocrx_word' id='word_1_35' title='bbox 1521 657 1673 714; x_wconf 84' lang='lat' dir='ltr'><strong>illum</strong></span> <span class='ocrx_word' id='word_1_36' title='bbox 1689 657 2159 716; x_wconf 85' lang='lat' dir='ltr'><strong>Brunsvicensium</strong></span> <span class='ocrx_word' id='word_1_37' title='bbox 2184 674 2318 731; x_wconf 91' lang='lat' dir='ltr'><strong>pro-</strong></span> 
     </span>
     <span class='ocr_line' id='line_1_5' title="bbox 71 741 2317 818; baseline 0.004 -21"><span class='ocrx_word' id='word_1_38' title='bbox 71 743 397 815; x_wconf 74' lang='lat' dir='ltr'><strong>genitorem,</strong></span> <span class='ocrx_word' id='word_1_39' title='bbox 416 741 559 799; x_wconf 87' lang='lat' dir='ltr'><strong>bunc</strong></span> <span class='ocrx_word' id='word_1_40' title='bbox 578 745 930 802; x_wconf 76' lang='lat' dir='ltr'><strong>Ascaniorum</strong></span> <span class='ocrx_word' id='word_1_41' title='bbox 952 747 1071 802; x_wconf 84' lang='lat' dir='ltr'><strong>sive</strong></span> <span class='ocrx_word' id='word_1_42' title='bbox 1091 744 1496 802; x_wconf 85' lang='lat' dir='ltr'><strong>Anbaltiuorum</strong></span> <span class='ocrx_word' id='word_1_43' title='bbox 1517 749 1834 818; x_wconf 86' lang='lat' dir='ltr'><strong>principum,</strong></span> <span class='ocrx_word' id='word_1_44' title='bbox 1862 752 2022 818; x_wconf 85' lang='lat' dir='ltr'><strong>atque</strong></span> <span class='ocrx_word' id='word_1_45' title='bbox 2045 750 2317 806; x_wconf 85' lang='lat' dir='ltr'><strong>extincta-</strong></span> 
     </span>
     <span class='ocr_line' id='line_1_6' title="bbox 68 832 2316 907; baseline 0.004 -20"><span class='ocrx_word' id='word_1_46' title='bbox 68 845 194 888; x_wconf 85' lang='lat' dir='ltr'><strong>rum</strong></span> <span class='ocrx_word' id='word_1_47' title='bbox 210 832 370 888; x_wconf 85' lang='lat' dir='ltr'><strong>etiam</strong></span> <span class='ocrx_word' id='word_1_48' title='bbox 390 834 634 903; x_wconf 77' lang='lat' dir='ltr'><strong>stirpium</strong></span> <span class='ocrx_word' id='word_1_49' title='bbox 651 835 950 905; x_wconf 85' lang='lat' dir='ltr'><strong>principum</strong></span> <span class='ocrx_word' id='word_1_50' title='bbox 969 832 1262 891; x_wconf 79' lang='lat' dir='ltr'><strong>electorum</strong></span> <span class='ocrx_word' id='word_1_51' title='bbox 1278 835 1664 894; x_wconf 84' lang='lat' dir='ltr'><strong>saxonicorum</strong></span> <span class='ocrx_word' id='word_1_52' title='bbox 1680 841 1736 893; x_wconf 91' lang='lat' dir='ltr'><strong>et</strong></span> <span class='ocrx_word' id='word_1_53' title='bbox 1748 835 2316 907; x_wconf 82' lang='lat' dir='ltr'><strong>Brandeburgicorum.</strong></span> 
     </span>
    </p>

    <p class='ocr_par' dir='ltr' id='par_1_3' title="bbox 59 919 2321 1615">
     <span class='ocr_line' id='line_1_7' title="bbox 220 919 2318 993; baseline 0.004 -18"><span class='ocrx_word' id='word_1_54' title='bbox 220 920 271 977; x_wconf 82' lang='grc'><strong>7.</strong></span> <span class='ocrx_word' id='word_1_55' title='bbox 340 919 593 978; x_wconf 80' lang='lat' dir='ltr'><strong>Albertus</strong></span> <span class='ocrx_word' id='word_1_56' title='bbox 633 921 914 979; x_wconf 76' lang='lat' dir='ltr'><strong>Studensis</strong></span> <span class='ocrx_word' id='word_1_57' title='bbox 942 921 1113 979; x_wconf 87' lang='lat' dir='ltr'><strong>abbas</strong></span> <span class='ocrx_word' id='word_1_58' title='bbox 1153 927 1212 980; x_wconf 90' lang='lat' dir='ltr'><strong>et</strong></span> <span class='ocrx_word' id='word_1_59' title='bbox 1254 923 1509 980; x_wconf 82' lang='lat' dir='ltr'><strong>Albertus</strong></span> <span class='ocrx_word' id='word_1_60' title='bbox 1539 922 1795 982; x_wconf 75' lang='lat' dir='ltr'>cranzius</span> <span class='ocrx_word' id='word_1_61' title='bbox 1825 927 2133 993; x_wconf 78' lang='lat' dir='ltr'><strong>magistrum</strong></span> <span class='ocrx_word' id='word_1_62' title='bbox 2165 926 2318 984; x_wconf 81' lang='lat' dir='ltr'><strong>Ada-</strong></span> 
     </span>
     <span class='ocr_line' id='line_1_8' title="bbox 66 1011 2317 1084; baseline 0.004 -21"><span class='ocrx_word' id='word_1_63' title='bbox 66 1021 219 1064; x_wconf 80' lang='lat' dir='ltr'><strong>mum</strong></span> <span class='ocrx_word' id='word_1_64' title='bbox 239 1011 594 1081; x_wconf 85' lang='lat' dir='ltr'><strong>exscripsere.</strong></span> <span class='ocrx_word' id='word_1_65' title='bbox 664 1012 833 1068; x_wconf 81' lang='lat' dir='ltr'><strong>Vetus</strong></span> <span class='ocrx_word' id='word_1_66' title='bbox 853 1024 1069 1082; x_wconf 89' lang='lat' dir='ltr'><strong>quoque</strong></span> <span class='ocrx_word' id='word_1_67' title='bbox 1088 1016 1249 1084; x_wconf 86' lang='lat' dir='ltr'><strong>poeta</strong></span> <span class='ocrx_word' id='word_1_68' title='bbox 1265 1012 1734 1070; x_wconf 84' lang='lat' dir='ltr'><strong>Brunsviceusium</strong></span> <span class='ocrx_word' id='word_1_69' title='bbox 1748 1012 2034 1071; x_wconf 82' lang='lat' dir='ltr'><strong>historicus</strong></span> <span class='ocrx_word' id='word_1_70' title='bbox 2053 1014 2317 1072; x_wconf 80' lang='lat' dir='ltr'><strong>hactenus</strong></span> 
     </span>
     <span class='ocr_line' id='line_1_9' title="bbox 63 1098 2318 1173; baseline 0.004 -21"><span class='ocrx_word' id='word_1_71' title='bbox 63 1102 298 1153; x_wconf 79' lang='lat' dir='ltr'><strong>secutus</strong></span> <span class='ocrx_word' id='word_1_72' title='bbox 316 1098 577 1156; x_wconf 78' lang='lat' dir='ltr'><strong>Adamum</strong></span> <span class='ocrx_word' id='word_1_73' title='bbox 594 1101 821 1171; x_wconf 89' lang='lat' dir='ltr'><strong>videtur,</strong></span> <span class='ocrx_word' id='word_1_74' title='bbox 849 1105 908 1157; x_wconf 89' lang='lat' dir='ltr'><strong>ut</strong></span> <span class='ocrx_word' id='word_1_75' title='bbox 924 1099 1066 1157; x_wconf 86' lang='lat' dir='ltr'><strong>baud</strong></span> <span class='ocrx_word' id='word_1_76' title='bbox 1084 1114 1304 1169; x_wconf 81' lang='lat' dir='ltr'><strong>magnas</strong></span> <span class='ocrx_word' id='word_1_77' title='bbox 1321 1103 1425 1158; x_wconf 88' lang='lat' dir='ltr'><strong>viri</strong></span> <span class='ocrx_word' id='word_1_78' title='bbox 1447 1114 1583 1173; x_wconf 85' lang='lat' dir='ltr'><strong>opes</strong></span> <span class='ocrx_word' id='word_1_79' title='bbox 1607 1101 1778 1159; x_wconf 81' lang='lat' dir='ltr'><strong>fuisse</strong></span> <span class='ocrx_word' id='word_1_80' title='bbox 1806 1102 2114 1160; x_wconf 87' lang='lat' dir='ltr'><strong>crediderit.</strong></span> <span class='ocrx_word' id='word_1_81' title='bbox 2175 1104 2318 1161; x_wconf 80' lang='lat' dir='ltr'><strong>Her-</strong></span> 
     </span>
     <span class='ocr_line' id='line_1_10' title="bbox 64 1185 2319 1261; baseline 0.003 -20"><span class='ocrx_word' id='word_1_82' title='bbox 64 1197 303 1242; x_wconf 78' lang='lat' dir='ltr'><strong>mannus</strong></span> <span class='ocrx_word' id='word_1_83' title='bbox 330 1185 613 1261; x_wconf 76' lang='lat' dir='ltr'><strong>Cornetus,</strong></span> <span class='ocrx_word' id='word_1_84' title='bbox 652 1201 724 1246; x_wconf 81' lang='lat' dir='ltr'><strong>ex</strong></span> <span class='ocrx_word' id='word_1_85' title='bbox 760 1188 1111 1246; x_wconf 85' lang='lat' dir='ltr'><strong>Dominicana</strong></span> <span class='ocrx_word' id='word_1_86' title='bbox 1146 1188 1350 1246; x_wconf 74' lang='lat' dir='ltr'><strong>familia</strong></span> <span class='ocrx_word' id='word_1_87' title='bbox 1390 1192 1624 1261; x_wconf 87' lang='lat' dir='ltr'><strong>scriptor</strong></span> <span class='ocrx_word' id='word_1_88' title='bbox 1662 1194 1788 1247; x_wconf 84' lang='lat' dir='ltr'><strong>ante</strong></span> <span class='ocrx_word' id='word_1_89' title='bbox 1828 1190 1956 1248; x_wconf 88' lang='lat' dir='ltr'><strong>bina</strong></span> <span class='ocrx_word' id='word_1_90' title='bbox 1981 1191 2169 1249; x_wconf 88' lang='lat' dir='ltr'><strong>secula</strong></span> <span class='ocrx_word' id='word_1_91' title='bbox 2196 1204 2319 1248; x_wconf 85' lang='lat' dir='ltr'><strong>cum</strong></span> 
     </span>
     <span class='ocr_line' id='line_1_11' title="bbox 61 1273 2321 1350; baseline 0.003 -20"><span class='ocrx_word' id='word_1_92' title='bbox 61 1273 311 1346; x_wconf 82' lang='lat' dir='ltr'><strong>dimidio,</strong></span> <span class='ocrx_word' id='word_1_93' title='bbox 335 1277 494 1333; x_wconf 85' lang='lat' dir='ltr'><strong>novis</strong></span> <span class='ocrx_word' id='word_1_94' title='bbox 510 1279 747 1349; x_wconf 82' lang='lat' dir='ltr'><strong>ineptiis,</strong></span> <span class='ocrx_word' id='word_1_95' title='bbox 775 1279 962 1334; x_wconf 88' lang='lat' dir='ltr'><strong>nescio</strong></span> <span class='ocrx_word' id='word_1_96' title='bbox 979 1278 1122 1335; x_wconf 89' lang='lat' dir='ltr'><strong>uude</strong></span> <span class='ocrx_word' id='word_1_97' title='bbox 1142 1280 1398 1350; x_wconf 88' lang='lat' dir='ltr'><strong>acceptis,</strong></span> <span class='ocrx_word' id='word_1_98' title='bbox 1424 1281 1485 1334; x_wconf 91' lang='lat' dir='ltr'><strong>ut</strong></span> <span class='ocrx_word' id='word_1_99' title='bbox 1502 1276 1576 1350; x_wconf 84' lang='lat' dir='ltr'><strong>fit,</strong></span> <span class='ocrx_word' id='word_1_100' title='bbox 1604 1276 1840 1335; x_wconf 76' lang='lat' dir='ltr'><strong>fabulam</strong></span> <span class='ocrx_word' id='word_1_101' title='bbox 1858 1280 2004 1335; x_wconf 87' lang='lat' dir='ltr'><strong>auxit</strong></span> <span class='ocrx_word' id='word_1_102' title='bbox 2020 1294 2036 1347; x_wconf 74' lang='grc' dir='ltr'><strong><em>ς</em></strong></span> <span class='ocrx_word' id='word_1_103' title='bbox 2061 1292 2188 1336; x_wconf 86' lang='lat' dir='ltr'><strong>nam</strong></span> <span class='ocrx_word' id='word_1_104' title='bbox 2204 1280 2321 1338; x_wconf 82' lang='lat' dir='ltr'><strong>He-</strong></span> 
     </span>
     <span class='ocr_line' id='line_1_12' title="bbox 60 1364 2320 1438; baseline 0.004 -19"><span class='ocrx_word' id='word_1_105' title='bbox 60 1364 302 1420; x_wconf 85' lang='lat' dir='ltr'><strong>rimanni</strong></span> <span class='ocrx_word' id='word_1_106' title='bbox 320 1369 524 1434; x_wconf 90' lang='lat' dir='ltr'><strong>patrem</strong></span> <span class='ocrx_word' id='word_1_107' title='bbox 545 1378 614 1423; x_wconf 83' lang='lat' dir='ltr'><strong>ex</strong></span> <span class='ocrx_word' id='word_1_108' title='bbox 633 1368 872 1438; x_wconf 86' lang='lat' dir='ltr'><strong>equestri</strong></span> <span class='ocrx_word' id='word_1_109' title='bbox 900 1367 1088 1423; x_wconf 89' lang='lat' dir='ltr'><strong>ordine</strong></span> <span class='ocrx_word' id='word_1_110' title='bbox 1106 1370 1164 1424; x_wconf 86' lang='lat' dir='ltr'><strong>in</strong></span> <span class='ocrx_word' id='word_1_111' title='bbox 1181 1366 1417 1437; x_wconf 82' lang='lat' dir='ltr'><strong>intimum</strong></span> <span class='ocrx_word' id='word_1_112' title='bbox 1435 1369 1755 1424; x_wconf 87' lang='lat' dir='ltr'><strong>rusticorum</strong></span> <span class='ocrx_word' id='word_1_113' title='bbox 1776 1367 2020 1436; x_wconf 74' lang='lat' dir='ltr'><strong>detrusit,</strong></span> <span class='ocrx_word' id='word_1_114' title='bbox 2049 1372 2105 1425; x_wconf 92' lang='lat' dir='ltr'><strong>et</strong></span> <span class='ocrx_word' id='word_1_115' title='bbox 2121 1382 2320 1427; x_wconf 84' lang='lat' dir='ltr'><strong>nomeu</strong></span> 
     </span>
     <span class='ocr_line' id='line_1_13' title="bbox 59 1453 2319 1525; baseline 0.002 -16"><span class='ocrx_word' id='word_1_116' title='bbox 59 1453 237 1509; x_wconf 74' lang='lat' dir='ltr'><strong>otiam</strong></span> <span class='ocrx_word' id='word_1_117' title='bbox 262 1454 428 1511; x_wconf 83' lang='lat' dir='ltr'><strong>villae</strong></span> <span class='ocrx_word' id='word_1_118' title='bbox 454 1454 670 1524; x_wconf 71' lang='lat' dir='ltr'><strong>adjecit.</strong></span> <span class='ocrx_word' id='word_1_119' title='bbox 740 1455 832 1511; x_wconf 79' lang='lat' dir='ltr'><strong>Ait</strong></span> <span class='ocrx_word' id='word_1_120' title='bbox 858 1456 998 1513; x_wconf 87' lang='lat' dir='ltr'><strong>enim</strong></span> <span class='ocrx_word' id='word_1_121' title='bbox 1026 1456 1200 1515; x_wconf 79' lang='lat' dir='ltr'><strong>fuisse</strong></span> <span class='ocrx_word' id='word_1_122' title='bbox 1215 1458 1574 1513; x_wconf 81' lang='lat' dir='ltr'><strong>Hermannum</strong></span> <span class='ocrx_word' id='word_1_123' title='bbox 1602 1455 1769 1512; x_wconf 84' lang='lat' dir='ltr'><strong>tilium</strong></span> <span class='ocrx_word' id='word_1_124' title='bbox 1785 1455 2007 1525; x_wconf 79' lang='lat' dir='ltr'><strong>Wiiingi</strong></span> <span class='ocrx_word' id='word_1_125' title='bbox 2032 1458 2221 1514; x_wconf 82' lang='lat' dir='ltr'><strong>rustici</strong></span> <span class='ocrx_word' id='word_1_126' title='bbox 2248 1457 2319 1514; x_wconf 89' lang='lat' dir='ltr'><strong>de</strong></span> 
     </span>
     <span class='ocr_line' id='line_1_14' title="bbox 62 1541 2317 1615; baseline 0.002 -17"><span class='ocrx_word' id='word_1_127' title='bbox 62 1541 223 1599; x_wconf 78' lang='lat' dir='ltr'><strong>curia</strong></span> <span class='ocrx_word' id='word_1_128' title='bbox 248 1541 704 1615; x_wconf 79' lang='lat' dir='ltr'><strong>Stubbelresborn‚</strong></span> <span class='ocrx_word' id='word_1_129' title='bbox 746 1557 885 1613; x_wconf 87' lang='lat' dir='ltr'><strong>quae</strong></span> <span class='ocrx_word' id='word_1_130' title='bbox 926 1557 1027 1601; x_wconf 83' lang='lat' dir='ltr'><strong>sex</strong></span> <span class='ocrx_word' id='word_1_131' title='bbox 1066 1542 1186 1602; x_wconf 72' lang='lat' dir='ltr'><strong>sere</strong></span> <span class='ocrx_word' id='word_1_132' title='bbox 1225 1544 1399 1601; x_wconf 90' lang='lat' dir='ltr'><strong>leucis</strong></span> <span class='ocrx_word' id='word_1_133' title='bbox 1441 1544 1771 1603; x_wconf 86' lang='lat' dir='ltr'><strong>Germanicis</strong></span> <span class='ocrx_word' id='word_1_134' title='bbox 1813 1543 2128 1615; x_wconf 77' lang='lat' dir='ltr'><strong>Luneburgo</strong></span> <span class='ocrx_word' id='word_1_135' title='bbox 2157 1544 2317 1603; x_wconf 88' lang='lat' dir='ltr'><strong>absit.</strong></span> 
     </span>
    </p>

    <p class='ocr_par' dir='ltr' id='par_1_4' title="bbox 43 1630 2318 3568">
     <span class='ocr_line' id='line_1_15' title="bbox 60 1630 2318 1703; baseline 0.001 -16"><span class='ocrx_word' id='word_1_136' title='bbox 60 1630 180 1687; x_wconf 79' lang='lat' dir='ltr'><strong>Alii</strong></span> <span class='ocrx_word' id='word_1_137' title='bbox 222 1630 361 1687; x_wconf 84' lang='lat' dir='ltr'><strong>banc</strong></span> <span class='ocrx_word' id='word_1_138' title='bbox 397 1631 582 1687; x_wconf 80' lang='lat' dir='ltr'><strong>villam</strong></span> <span class='ocrx_word' id='word_1_139' title='bbox 614 1646 724 1689; x_wconf 90' lang='lat' dir='ltr'><strong>non</strong></span> <span class='ocrx_word' id='word_1_140' title='bbox 753 1631 940 1703; x_wconf 89' lang='lat' dir='ltr'><strong>procul</strong></span> <span class='ocrx_word' id='word_1_141' title='bbox 967 1632 1190 1689; x_wconf 86' lang='lat' dir='ltr'><strong>Soitova</strong></span> <span class='ocrx_word' id='word_1_142' title='bbox 1218 1635 1378 1690; x_wconf 82' lang='lat' dir='ltr'><strong>sitam</strong></span> <span class='ocrx_word' id='word_1_143' title='bbox 1402 1638 1680 1691; x_wconf 77' lang='lat' dir='ltr'><strong>notavere.</strong></span> <span class='ocrx_word' id='word_1_144' title='bbox 1754 1633 1868 1690; x_wconf 78' lang='lat' dir='ltr'><strong>Hos</strong></span> <span class='ocrx_word' id='word_1_145' title='bbox 1892 1639 2110 1690; x_wconf 80' lang='lat' dir='ltr'><strong>autores</strong></span> <span class='ocrx_word' id='word_1_146' title='bbox 2138 1632 2318 1690; x_wconf 88' lang='lat' dir='ltr'><strong>Seba-</strong></span> 
     </span>
     <span class='ocr_line' id='line_1_16' title="bbox 62 1719 2318 1795; baseline 0 -19"><span class='ocrx_word' id='word_1_147' title='bbox 62 1720 281 1776; x_wconf 82' lang='lat' dir='ltr'><strong>stianus</strong></span> <span class='ocrx_word' id='word_1_148' title='bbox 307 1719 627 1791; x_wconf 65' lang='lat' dir='ltr'><strong>munsterus,</strong></span> <span class='ocrx_word' id='word_1_149' title='bbox 666 1720 931 1777; x_wconf 74' lang='lat' dir='ltr'><strong>ilenricus</strong></span> <span class='ocrx_word' id='word_1_150' title='bbox 958 1720 1255 1778; x_wconf 81' lang='lat' dir='ltr'><strong>Pantaleon</strong></span> <span class='ocrx_word' id='word_1_151' title='bbox 1289 1723 1494 1792; x_wconf 88' lang='lat' dir='ltr'><strong>aliique</strong></span> <span class='ocrx_word' id='word_1_152' title='bbox 1528 1724 1820 1795; x_wconf 73' lang='lat' dir='ltr'><strong>scriptores</strong></span> <span class='ocrx_word' id='word_1_153' title='bbox 1849 1721 2044 1778; x_wconf 89' lang='lat' dir='ltr'><strong>eruditi</strong></span> <span class='ocrx_word' id='word_1_154' title='bbox 2071 1722 2318 1779; x_wconf 83' lang='lat' dir='ltr'><strong>certatim</strong></span> 
     </span>
     <span class='ocr_line' id='line_1_17' title="bbox 61 1808 2316 1883; baseline 0.001 -18"><span class='ocrx_word' id='word_1_155' title='bbox 61 1809 251 1865; x_wconf 79' lang='lat' dir='ltr'><strong>secuti</strong></span> <span class='ocrx_word' id='word_1_156' title='bbox 279 1812 421 1864; x_wconf 90' lang='lat' dir='ltr'><strong>suut.</strong></span> <span class='ocrx_word' id='word_1_157' title='bbox 484 1808 592 1865; x_wconf 87' lang='lat' dir='ltr'><strong>Sed</strong></span> <span class='ocrx_word' id='word_1_158' title='bbox 612 1808 765 1880; x_wconf 82' lang='lat' dir='ltr'><strong>Eplto</strong></span> <span class='ocrx_word' id='word_1_159' title='bbox 784 1810 855 1866; x_wconf 87' lang='lat' dir='ltr'><strong>de</strong></span> <span class='ocrx_word' id='word_1_160' title='bbox 870 1808 1105 1882; x_wconf 59' lang='lat' dir='ltr'><strong>neptun,</strong></span> <span class='ocrx_word' id='word_1_161' title='bbox 1133 1809 1356 1882; x_wconf 75' lang='lat' dir='ltr'><strong>speculi</strong></span> <span class='ocrx_word' id='word_1_162' title='bbox 1373 1811 1627 1868; x_wconf 73' lang='lat' dir='ltr'><strong>saxonici</strong></span> <span class='ocrx_word' id='word_1_163' title='bbox 1648 1811 1981 1883; x_wconf 85' lang='lat' dir='ltr'><strong>compilator,</strong></span> <span class='ocrx_word' id='word_1_164' title='bbox 2009 1811 2102 1881; x_wconf 88' lang='lat' dir='ltr'><strong>qui</strong></span> <span class='ocrx_word' id='word_1_165' title='bbox 2124 1809 2316 1868; x_wconf 85' lang='lat' dir='ltr'><strong>seculo</strong></span> 
     </span>
     <span class='ocr_line' id='line_1_18' title="bbox 58 1897 2317 1970; baseline 0 -15"><span class='ocrx_word' id='word_1_166' title='bbox 58 1897 210 1955; x_wconf 79' lang='lat' dir='ltr'><strong>xm.</strong></span> <span class='ocrx_word' id='word_1_167' title='bbox 221 1899 453 1970; x_wconf 77' lang='lat' dir='ltr'><strong>scripsit,</strong></span> <span class='ocrx_word' id='word_1_168' title='bbox 463 1897 688 1956; x_wconf 86' lang='lat' dir='ltr'><strong>meliora</strong></span> <span class='ocrx_word' id='word_1_169' title='bbox 701 1898 942 1970; x_wconf 86' lang='lat' dir='ltr'><strong>edoctus,</strong></span> <span class='ocrx_word' id='word_1_170' title='bbox 952 1901 1009 1955; x_wconf 82' lang='lat' dir='ltr'><strong>in</strong></span> <span class='ocrx_word' id='word_1_171' title='bbox 1026 1898 1276 1957; x_wconf 84' lang='lat' dir='ltr'><strong>chronico</strong></span> <span class='ocrx_word' id='word_1_172' title='bbox 1290 1913 1389 1955; x_wconf 88' lang='lat' dir='ltr'><strong>suo</strong></span> <span class='ocrx_word' id='word_1_173' title='bbox 1401 1900 1635 1956; x_wconf 87' lang='lat' dir='ltr'><strong>nondum</strong></span> <span class='ocrx_word' id='word_1_174' title='bbox 1650 1899 1797 1956; x_wconf 87' lang='lat' dir='ltr'><strong>edito</strong></span> <span class='ocrx_word' id='word_1_175' title='bbox 1812 1900 2027 1970; x_wconf 81' lang='lat' dir='ltr'><strong>scripsit</strong></span> <span class='ocrx_word' id='word_1_176' title='bbox 2038 1901 2317 1969; x_wconf 73' lang='lat' dir='ltr'><strong>regione-</strong></span> 
     </span>
     <span class='ocr_line' id='line_1_19' title="bbox 60 1975 2316 2058; baseline 0.001 -15"><span class='ocrx_word' id='word_1_177' title='bbox 60 1984 139 2043; x_wconf 78' lang='lat' dir='ltr'><strong>ad</strong></span> <span class='ocrx_word' id='word_1_178' title='bbox 165 1985 345 2043; x_wconf 76' lang='lat' dir='ltr'><strong>Albim</strong></span> <span class='ocrx_word' id='word_1_179' title='bbox 387 1985 455 2043; x_wconf 88' lang='lat' dir='ltr'><strong>ab</strong></span> <span class='ocrx_word' id='word_1_180' title='bbox 484 1985 686 2043; x_wconf 82' lang='lat' dir='ltr'><strong>ottone</strong></span> <span class='ocrx_word' id='word_1_181' title='bbox 717 1989 835 2043; x_wconf 91' lang='lat' dir='ltr'><strong>viro</strong></span> <span class='ocrx_word' id='word_1_182' title='bbox 869 1975 1054 2058; x_wconf 84' lang='lat' dir='ltr'><strong>nobili,</strong></span> <span class='ocrx_word' id='word_1_183' title='bbox 1094 1987 1397 2043; x_wconf 77' lang='lat' dir='ltr'><strong>Hermanno</strong></span> <span class='ocrx_word' id='word_1_184' title='bbox 1427 1986 1538 2045; x_wconf 85' lang='lat' dir='ltr'><strong>tilio</strong></span> <span class='ocrx_word' id='word_1_185' title='bbox 1567 1989 1779 2055; x_wconf 81' lang='lat' dir='ltr'><strong>comitis</strong></span> <span class='ocrx_word' id='word_1_186' title='bbox 1805 1986 2000 2058; x_wconf 76' lang='lat' dir='ltr'><strong>Bilingi</strong></span> <span class='ocrx_word' id='word_1_187' title='bbox 2025 1986 2316 2057; x_wconf 79' lang='lat' dir='ltr'><strong>regendam</strong></span> 
     </span>
     <span class='ocr_line' id='line_1_20' title="bbox 59 2068 2318 2147; baseline 0.001 -17"><span class='ocrx_word' id='word_1_188' title='bbox 59 2068 267 2145; x_wconf 80' lang='lat' dir='ltr'><strong>datam,</strong></span> <span class='ocrx_word' id='word_1_189' title='bbox 313 2089 471 2146; x_wconf 88' lang='lat' dir='ltr'><strong>quem</strong></span> <span class='ocrx_word' id='word_1_190' title='bbox 514 2076 759 2133; x_wconf 85' lang='lat' dir='ltr'><strong>studiose</strong></span> <span class='ocrx_word' id='word_1_191' title='bbox 796 2077 852 2133; x_wconf 93' lang='lat' dir='ltr'><strong>in</strong></span> <span class='ocrx_word' id='word_1_192' title='bbox 891 2089 1059 2145; x_wconf 80' lang='lat' dir='ltr'><strong>regno</strong></span> <span class='ocrx_word' id='word_1_193' title='bbox 1102 2075 1435 2143; x_wconf 84' lang='lat' dir='ltr'><strong>exaltaverit.</strong></span> <span class='ocrx_word' id='word_1_194' title='bbox 1507 2075 1709 2133; x_wconf 85' lang='lat' dir='ltr'><strong>Locum</strong></span> <span class='ocrx_word' id='word_1_195' title='bbox 1734 2074 1975 2147; x_wconf 82' lang='lat' dir='ltr'><strong>Epk‘ouis</strong></span> <span class='ocrx_word' id='word_1_196' title='bbox 2003 2076 2318 2133; x_wconf 73' lang='lat' dir='ltr'><strong>observavit</strong></span> 
     </span>
     <span class='ocr_line' id='line_1_21' title="bbox 58 2163 2316 2237; baseline -0 -16"><span class='ocrx_word' id='word_1_197' title='bbox 58 2163 384 2221; x_wconf 85' lang='lat' dir='ltr'><strong>Dominicus</strong></span> <span class='ocrx_word' id='word_1_198' title='bbox 411 2163 699 2235; x_wconf 88' lang='lat' dir='ltr'><strong>Dreuerus,</strong></span> <span class='ocrx_word' id='word_1_199' title='bbox 720 2163 1011 2222; x_wconf 83' lang='lat' dir='ltr'><strong>historicus</strong></span> <span class='ocrx_word' id='word_1_200' title='bbox 1033 2166 1251 2222; x_wconf 76' lang='lat' dir='ltr'><strong>Raurici</strong></span> <span class='ocrx_word' id='word_1_201' title='bbox 1279 2165 1431 2222; x_wconf 84' lang='lat' dir='ltr'><strong>ducis</strong></span> <span class='ocrx_word' id='word_1_202' title='bbox 1450 2164 1861 2223; x_wconf 82' lang='lat' dir='ltr'><strong>Brunsvicensis</strong></span> <span class='ocrx_word' id='word_1_203' title='bbox 1879 2166 2043 2234; x_wconf 86' lang='lat' dir='ltr'><strong>vulgo</strong></span> <span class='ocrx_word' id='word_1_204' title='bbox 2057 2164 2316 2237; x_wconf 84' lang='lat' dir='ltr'><strong>Junioris,</strong></span> 
     </span>
     <span class='ocr_line' id='line_1_22' title="bbox 56 2252 2314 2325; baseline -0 -15"><span class='ocrx_word' id='word_1_205' title='bbox 56 2252 545 2310; x_wconf 78' lang='lat' dir='ltr'><strong>smaicaidicorum</strong></span> <span class='ocrx_word' id='word_1_206' title='bbox 573 2252 968 2310; x_wconf 77' lang='lat' dir='ltr'><strong>foederatorum</strong></span> <span class='ocrx_word' id='word_1_207' title='bbox 996 2254 1292 2310; x_wconf 88' lang='lat' dir='ltr'><strong>inimicitiis</strong></span> <span class='ocrx_word' id='word_1_208' title='bbox 1330 2255 1478 2325; x_wconf 88' lang='lat' dir='ltr'><strong>clari,</strong></span> <span class='ocrx_word' id='word_1_209' title='bbox 1520 2255 1965 2325; x_wconf 83' lang='lat' dir='ltr'><strong>quemadmodum</strong></span> <span class='ocrx_word' id='word_1_210' title='bbox 1991 2253 2314 2310; x_wconf 72' lang='lat' dir='ltr'><strong>bleibomius</strong></span> 
     </span>
     <span class='ocr_line' id='line_1_23' title="bbox 56 2340 2316 2414; baseline -0 -16"><span class='ocrx_word' id='word_1_211' title='bbox 56 2342 299 2398; x_wconf 79' lang='lat' dir='ltr'><strong>notavit.</strong></span> <span class='ocrx_word' id='word_1_212' title='bbox 386 2340 589 2398; x_wconf 83' lang='lat' dir='ltr'><strong>Eadem</strong></span> <span class='ocrx_word' id='word_1_213' title='bbox 627 2355 771 2414; x_wconf 89' lang='lat' dir='ltr'><strong>pene</strong></span> <span class='ocrx_word' id='word_1_214' title='bbox 812 2342 1063 2412; x_wconf 82' lang='lat' dir='ltr'><strong>leguntur</strong></span> <span class='ocrx_word' id='word_1_215' title='bbox 1100 2344 1159 2398; x_wconf 88' lang='lat' dir='ltr'><strong>in</strong></span> <span class='ocrx_word' id='word_1_216' title='bbox 1199 2342 1455 2399; x_wconf 80' lang='lat' dir='ltr'><strong>chronico</strong></span> <span class='ocrx_word' id='word_1_217' title='bbox 1482 2341 1663 2413; x_wconf 79' lang='lat' dir='ltr'><strong>lingua</strong></span> <span class='ocrx_word' id='word_1_218' title='bbox 1690 2343 1960 2401; x_wconf 78' lang='lat' dir='ltr'><strong>Saxonum</strong></span> <span class='ocrx_word' id='word_1_219' title='bbox 2000 2340 2316 2399; x_wconf 75' lang='lat' dir='ltr'><strong>interiorum</strong></span> 
     </span>
     <span class='ocr_line' id='line_1_24' title="bbox 53 2429 2316 2503; baseline -0 -16"><span class='ocrx_word' id='word_1_220' title='bbox 53 2432 291 2501; x_wconf 82' lang='lat' dir='ltr'><strong>scripto,</strong></span> <span class='ocrx_word' id='word_1_221' title='bbox 315 2430 550 2488; x_wconf 86' lang='lat' dir='ltr'><strong>nondum</strong></span> <span class='ocrx_word' id='word_1_222' title='bbox 567 2433 710 2503; x_wconf 79' lang='lat' dir='ltr'><strong>typis</strong></span> <span class='ocrx_word' id='word_1_223' title='bbox 729 2431 891 2503; x_wconf 87' lang='lat' dir='ltr'><strong>edito,</strong></span> <span class='ocrx_word' id='word_1_224' title='bbox 922 2431 1064 2502; x_wconf 90' lang='lat' dir='ltr'><strong>quod</strong></span> <span class='ocrx_word' id='word_1_225' title='bbox 1083 2434 1139 2487; x_wconf 89' lang='lat' dir='ltr'><strong>iu</strong></span> <span class='ocrx_word' id='word_1_226' title='bbox 1158 2431 1340 2488; x_wconf 88' lang='lat' dir='ltr'><strong>multis</strong></span> <span class='ocrx_word' id='word_1_227' title='bbox 1364 2431 1488 2488; x_wconf 89' lang='lat' dir='ltr'><strong>aliis</strong></span> <span class='ocrx_word' id='word_1_228' title='bbox 1512 2432 1764 2490; x_wconf 83' lang='lat' dir='ltr'><strong>chronico</strong></span> <span class='ocrx_word' id='word_1_229' title='bbox 1783 2432 2024 2502; x_wconf 79' lang='lat' dir='ltr'><strong>Eplrouis</strong></span> <span class='ocrx_word' id='word_1_230' title='bbox 2050 2429 2316 2487; x_wconf 74' lang='lat' dir='ltr'><strong>verbatim</strong></span> 
     </span>
     <span class='ocr_line' id='line_1_25' title="bbox 52 2518 2316 2593; baseline -0.001 -16"><span class='ocrx_word' id='word_1_231' title='bbox 52 2519 381 2577; x_wconf 71' lang='lat' dir='ltr'><strong>consentire</strong></span> <span class='ocrx_word' id='word_1_232' title='bbox 415 2518 782 2590; x_wconf 82' lang='lat' dir='ltr'><strong>deprehendo.</strong></span> <span class='ocrx_word' id='word_1_233' title='bbox 854 2519 947 2576; x_wconf 89' lang='lat' dir='ltr'><strong>Sic</strong></span> <span class='ocrx_word' id='word_1_234' title='bbox 974 2521 1116 2576; x_wconf 84' lang='lat' dir='ltr'><strong>euim</strong></span> <span class='ocrx_word' id='word_1_235' title='bbox 1153 2518 1348 2577; x_wconf 80' lang='lat' dir='ltr'><strong>babet.-</strong></span> <span class='ocrx_word' id='word_1_236' title='bbox 1381 2520 1494 2576; x_wconf 72' lang='grc' dir='ltr'><strong>θαι</strong></span> <span class='ocrx_word' id='word_1_237' title='bbox 1517 2521 1848 2593; x_wconf 72' lang='lat' dir='ltr'><strong>Hertoqdom</strong></span> <span class='ocrx_word' id='word_1_238' title='bbox 1871 2521 2019 2576; x_wconf 75' lang='lat' dir='ltr'><strong>unde</strong></span> <span class='ocrx_word' id='word_1_239' title='bbox 2046 2519 2144 2575; x_wconf 81' lang='lat' dir='ltr'><strong>dat</strong></span> <span class='ocrx_word' id='word_1_240' title='bbox 2166 2518 2316 2574; x_wconf 68' lang='lat' dir='ltr'><strong>Laut</strong></span> 
     </span>
     <span class='ocr_line' id='line_1_26' title="bbox 48 2606 2314 2680; baseline -0.002 -14"><span class='ocrx_word' id='word_1_241' title='bbox 48 2610 109 2666; x_wconf 73' lang='lat' dir='ltr'><strong>bn·</strong></span> <span class='ocrx_word' id='word_1_242' title='bbox 139 2609 251 2664; x_wconf 76' lang='lat' dir='ltr'><strong>der</strong></span> <span class='ocrx_word' id='word_1_243' title='bbox 275 2606 411 2665; x_wconf 74' lang='lat' dir='ltr'><strong>Elec</strong></span> <span class='ocrx_word' id='word_1_244' title='bbox 428 2607 541 2680; x_wconf 69' lang='lat' dir='ltr'><strong>yos</strong></span> <span class='ocrx_word' id='word_1_245' title='bbox 554 2607 848 2680; x_wconf 69' lang='lat' dir='ltr'><strong>deKonr&#39;nq</strong></span> <span class='ocrx_word' id='word_1_246' title='bbox 879 2607 999 2662; x_wconf 77' lang='lat' dir='ltr'><strong>otte</strong></span> <span class='ocrx_word' id='word_1_247' title='bbox 1033 2622 1217 2664; x_wconf 75' lang='lat' dir='ltr'><strong>enemo</strong></span> <span class='ocrx_word' id='word_1_248' title='bbox 1250 2610 1438 2664; x_wconf 71' lang='lat' dir='ltr'><strong>caelen</strong></span> <span class='ocrx_word' id='word_1_249' title='bbox 1456 2608 1672 2671; x_wconf 74' lang='lat' dir='ltr'><strong>Manno,</strong></span> <span class='ocrx_word' id='word_1_250' title='bbox 1702 2610 1770 2663; x_wconf 82' lang='lat' dir='ltr'><strong>de</strong></span> <span class='ocrx_word' id='word_1_251' title='bbox 1785 2623 1903 2664; x_wconf 82' lang='lat' dir='ltr'><strong>was</strong></span> <span class='ocrx_word' id='word_1_252' title='bbox 1923 2608 2150 2678; x_wconf 69' lang='lat' dir='ltr'><strong>yekcten</strong></span> <span class='ocrx_word' id='word_1_253' title='bbox 2164 2606 2314 2662; x_wconf 80' lang='lat' dir='ltr'><strong>Her-</strong></span> 
     </span>
     <span class='ocr_line' id='line_1_27' title="bbox 46 2695 2315 2769; baseline -0.002 -14"><span class='ocrx_word' id='word_1_254' title='bbox 46 2710 216 2761; x_wconf 69' lang='lat' dir='ltr'><strong>nan,</strong></span> <span class='ocrx_word' id='word_1_255' title='bbox 259 2696 329 2751; x_wconf 77' lang='lat' dir='ltr'><strong>de</strong></span> <span class='ocrx_word' id='word_1_256' title='bbox 350 2711 469 2753; x_wconf 80' lang='lat' dir='ltr'><strong>was</strong></span> <span class='ocrx_word' id='word_1_257' title='bbox 493 2698 641 2754; x_wconf 79' lang='lat' dir='ltr'><strong>Sene</strong></span> <span class='ocrx_word' id='word_1_258' title='bbox 664 2712 793 2754; x_wconf 77' lang='lat' dir='ltr'><strong>enos</strong></span> <span class='ocrx_word' id='word_1_259' title='bbox 826 2698 1013 2753; x_wconf 75' lang='lat' dir='ltr'><strong>caelen</strong></span> <span class='ocrx_word' id='word_1_260' title='bbox 1044 2695 1275 2752; x_wconf 74' lang='lat' dir='ltr'><strong>Mamer</strong></span> <span class='ocrx_word' id='word_1_261' title='bbox 1304 2695 1518 2753; x_wconf 74' lang='lat' dir='ltr'><strong>Grevon</strong></span> <span class='ocrx_word' id='word_1_262' title='bbox 1541 2696 1810 2769; x_wconf 65' lang='grc' dir='ltr'><strong>Βίιὶἱηςω,</strong></span> <span class='ocrx_word' id='word_1_263' title='bbox 1846 2697 1992 2751; x_wconf 74' lang='lat' dir='ltr'><strong>unde</strong></span> <span class='ocrx_word' id='word_1_264' title='bbox 2016 2696 2219 2767; x_wconf 69' lang='lat' dir='ltr'><strong>hoqede</strong></span> <span class='ocrx_word' id='word_1_265' title='bbox 2245 2708 2315 2751; x_wconf 77' lang='lat' dir='ltr'><strong>cn</strong></span> 
     </span>
     <span class='ocr_line' id='line_1_28' title="bbox 43 2782 2314 2858; baseline -0.002 -13"><span class='ocrx_word' id='word_1_266' title='bbox 43 2790 106 2845; x_wconf 73' lang='lat' dir='ltr'><strong>in</strong></span> <span class='ocrx_word' id='word_1_267' title='bbox 146 2786 310 2842; x_wconf 75' lang='lat' dir='ltr'><strong>dem</strong></span> <span class='ocrx_word' id='word_1_268' title='bbox 334 2785 469 2841; x_wconf 69' lang='lat' dir='ltr'><strong>Rike</strong></span> <span class='ocrx_word' id='word_1_269' title='bbox 492 2788 590 2842; x_wconf 76' lang='lat' dir='ltr'><strong>mit</strong></span> <span class='ocrx_word' id='word_1_270' title='bbox 608 2791 808 2858; x_wconf 62' lang='grc' dir='ltr'><strong>μναῖαι</strong></span> <span class='ocrx_word' id='word_1_271' title='bbox 836 2786 981 2842; x_wconf 82' lang='lat' dir='ltr'><strong>Vlite.</strong></span> <span class='ocrx_word' id='word_1_272' title='bbox 1051 2785 1262 2856; x_wconf 87' lang='lat' dir='ltr'><strong>Nempe</strong></span> <span class='ocrx_word' id='word_1_273' title='bbox 1284 2784 1501 2843; x_wconf 90' lang='lat' dir='ltr'><strong>nobiles</strong></span> <span class='ocrx_word' id='word_1_274' title='bbox 1539 2786 1641 2840; x_wconf 87' lang='lat' dir='ltr'><strong>viri</strong></span> <span class='ocrx_word' id='word_1_275' title='bbox 1682 2783 1811 2840; x_wconf 88' lang='lat' dir='ltr'><strong>olim</strong></span> <span class='ocrx_word' id='word_1_276' title='bbox 1851 2782 2170 2839; x_wconf 82' lang='lat' dir='ltr'><strong>dicebantur</strong></span> <span class='ocrx_word' id='word_1_277' title='bbox 2202 2795 2314 2841; x_wconf 83' lang='lat' dir='ltr'><strong>non</strong></span> 
     </span>
     <span class='ocr_line' id='line_1_29' title="bbox 44 2869 2314 2949; baseline -0.004 -15"><span class='ocrx_word' id='word_1_278' title='bbox 44 2875 340 2949; x_wconf 84' lang='lat' dir='ltr'><strong>equestris</strong></span> <span class='ocrx_word' id='word_1_279' title='bbox 377 2875 578 2931; x_wconf 84' lang='lat' dir='ltr'><strong>ordinis</strong></span> <span class='ocrx_word' id='word_1_280' title='bbox 612 2874 860 2932; x_wconf 82' lang='lat' dir='ltr'><strong>homiues</strong></span> <span class='ocrx_word' id='word_1_281' title='bbox 902 2875 1072 2944; x_wconf 81' lang='lat' dir='ltr'><strong>(quos</strong></span> <span class='ocrx_word' id='word_1_282' title='bbox 1100 2873 1360 2931; x_wconf 85' lang='lat' dir='ltr'><strong>militares</strong></span> <span class='ocrx_word' id='word_1_283' title='bbox 1386 2876 1481 2930; x_wconf 87' lang='lat' dir='ltr'><strong>aut</strong></span> <span class='ocrx_word' id='word_1_284' title='bbox 1503 2871 1889 2929; x_wconf 82' lang='lat' dir='ltr'><strong>ministeriales</strong></span> <span class='ocrx_word' id='word_1_285' title='bbox 1916 2870 2090 2928; x_wconf 87' lang='lat' dir='ltr'><strong>adbuc</strong></span> <span class='ocrx_word' id='word_1_286' title='bbox 2116 2869 2314 2942; x_wconf 83' lang='lat' dir='ltr'><strong>appel-</strong></span> 
     </span>
     <span class='ocr_line' id='line_1_30' title="bbox 43 2959 2311 3036; baseline -0.003 -13"><span class='ocrx_word' id='word_1_287' title='bbox 43 2966 217 3023; x_wconf 79' lang='lat' dir='ltr'><strong>labat</strong></span> <span class='ocrx_word' id='word_1_288' title='bbox 234 2961 542 3036; x_wconf 81' lang='lat' dir='ltr'><strong>cranzius),</strong></span> <span class='ocrx_word' id='word_1_289' title='bbox 561 2964 658 3020; x_wconf 85' lang='lat' dir='ltr'><strong>sed</strong></span> <span class='ocrx_word' id='word_1_290' title='bbox 679 2975 934 3034; x_wconf 83' lang='lat' dir='ltr'><strong>proceres</strong></span> <span class='ocrx_word' id='word_1_291' title='bbox 954 2966 1074 3020; x_wconf 85' lang='lat' dir='ltr'><strong>sive</strong></span> <span class='ocrx_word' id='word_1_292' title='bbox 1093 2963 1366 3035; x_wconf 72' lang='lat' dir='ltr'><strong>dynastae,</strong></span> <span class='ocrx_word' id='word_1_293' title='bbox 1384 2976 1454 3020; x_wconf 86' lang='lat' dir='ltr'><strong>ex</strong></span> <span class='ocrx_word' id='word_1_294' title='bbox 1468 2959 1661 3033; x_wconf 87' lang='lat' dir='ltr'><strong>quibus</strong></span> <span class='ocrx_word' id='word_1_295' title='bbox 1682 2962 1909 3017; x_wconf 89' lang='lat' dir='ltr'><strong>comites</strong></span> <span class='ocrx_word' id='word_1_296' title='bbox 1929 2962 2049 3017; x_wconf 77' lang='lat' dir='ltr'><strong>sire</strong></span> <span class='ocrx_word' id='word_1_297' title='bbox 2064 2962 2311 3016; x_wconf 71' lang='lat' dir='ltr'><strong>rectores</strong></span> 
     </span>
     <span class='ocr_line' id='line_1_31' title="bbox 43 3048 2313 3125; baseline -0.004 -13"><span class='ocrx_word' id='word_1_298' title='bbox 43 3055 348 3125; x_wconf 78' lang='lat' dir='ltr'><strong>regionum</strong></span> <span class='ocrx_word' id='word_1_299' title='bbox 366 3051 727 3109; x_wconf 82' lang='lat' dir='ltr'><strong>sumebantur.</strong></span> <span class='ocrx_word' id='word_1_300' title='bbox 779 3051 968 3122; x_wconf 88' lang='lat' dir='ltr'><strong>ltaque</strong></span> <span class='ocrx_word' id='word_1_301' title='bbox 991 3054 1096 3108; x_wconf 85' lang='lat' dir='ltr'><strong>etsi</strong></span> <span class='ocrx_word' id='word_1_302' title='bbox 1115 3053 1555 3121; x_wconf 87' lang='lat' dir='ltr'><strong>contemporanei</strong></span> <span class='ocrx_word' id='word_1_303' title='bbox 1583 3053 1675 3107; x_wconf 88' lang='lat' dir='ltr'><strong>aut</strong></span> <span class='ocrx_word' id='word_1_304' title='bbox 1699 3050 1927 3120; x_wconf 85' lang='lat' dir='ltr'><strong>proximi</strong></span> <span class='ocrx_word' id='word_1_305' title='bbox 1946 3052 2151 3120; x_wconf 86' lang='lat' dir='ltr'><strong>patrem</strong></span> <span class='ocrx_word' id='word_1_306' title='bbox 2167 3048 2313 3105; x_wconf 80' lang='lat' dir='ltr'><strong>Her-</strong></span> 
     </span>
     <span class='ocr_line' id='line_1_32' title="bbox 43 3136 2312 3211; baseline -0.004 -9"><span class='ocrx_word' id='word_1_307' title='bbox 43 3143 248 3202; x_wconf 77' lang='lat' dir='ltr'><strong>manni</strong></span> <span class='ocrx_word' id='word_1_308' title='bbox 287 3154 397 3198; x_wconf 89' lang='lat' dir='ltr'><strong>nou</strong></span> <span class='ocrx_word' id='word_1_309' title='bbox 507 3142 726 3211; x_wconf 88' lang='lat' dir='ltr'><strong>minent,</strong></span> <span class='ocrx_word' id='word_1_310' title='bbox 767 3141 932 3198; x_wconf 88' lang='lat' dir='ltr'><strong>medii</strong></span> <span class='ocrx_word' id='word_1_311' title='bbox 973 3144 1152 3198; x_wconf 87' lang='lat' dir='ltr'><strong>tamen</strong></span> <span class='ocrx_word' id='word_1_312' title='bbox 1192 3141 1451 3211; x_wconf 88' lang='lat' dir='ltr'><strong>temporis</strong></span> <span class='ocrx_word' id='word_1_313' title='bbox 1487 3143 1730 3196; x_wconf 85' lang='lat' dir='ltr'><strong>autorum</strong></span> <span class='ocrx_word' id='word_1_314' title='bbox 1757 3151 2029 3194; x_wconf 84' lang='lat' dir='ltr'><strong>consensu</strong></span> <span class='ocrx_word' id='word_1_315' title='bbox 2054 3136 2312 3207; x_wconf 72' lang='lat' dir='ltr'><strong>fflungus</strong></span> 
     </span>
     <span class='ocr_line' id='line_1_33' title="bbox 43 3226 2313 3301; baseline -0.003 -11"><span class='ocrx_word' id='word_1_316' title='bbox 43 3233 179 3301; x_wconf 75' lang='lat' dir='ltr'><strong>init,</strong></span> <span class='ocrx_word' id='word_1_317' title='bbox 227 3243 391 3301; x_wconf 89' lang='lat' dir='ltr'><strong>quem</strong></span> <span class='ocrx_word' id='word_1_318' title='bbox 431 3232 593 3286; x_wconf 86' lang='lat' dir='ltr'><strong>eiam</strong></span> <span class='ocrx_word' id='word_1_319' title='bbox 626 3227 793 3286; x_wconf 89' lang='lat' dir='ltr'><strong>babet</strong></span> <span class='ocrx_word' id='word_1_320' title='bbox 833 3235 988 3286; x_wconf 88' lang='lat' dir='ltr'><strong>autor</strong></span> <span class='ocrx_word' id='word_1_321' title='bbox 1014 3228 1254 3287; x_wconf 79' lang='lat' dir='ltr'><strong>chronici</strong></span> <span class='ocrx_word' id='word_1_322' title='bbox 1277 3230 1480 3286; x_wconf 86' lang='lat' dir='ltr'><strong>veteris</strong></span> <span class='ocrx_word' id='word_1_323' title='bbox 1504 3227 1973 3284; x_wconf 85' lang='lat' dir='ltr'><strong>Brunsvicensium</strong></span> <span class='ocrx_word' id='word_1_324' title='bbox 2002 3226 2212 3296; x_wconf 78' lang='lat' dir='ltr'><strong>ducum,</strong></span> <span class='ocrx_word' id='word_1_325' title='bbox 2253 3228 2313 3283; x_wconf 88' lang='lat' dir='ltr'><strong>et</strong></span> 
     </span>
     <span class='ocr_line' id='line_1_34' title="bbox 43 3316 2309 3395; baseline -0.003 -16"><span class='ocrx_word' id='word_1_326' title='bbox 43 3324 229 3395; x_wconf 60' lang='lat' dir='ltr'><strong>poeta</strong></span> <span class='ocrx_word' id='word_1_327' title='bbox 268 3317 547 3375; x_wconf 76' lang='lat' dir='ltr'><strong>historiam</strong></span> <span class='ocrx_word' id='word_1_328' title='bbox 578 3319 869 3377; x_wconf 87' lang='lat' dir='ltr'><strong>eorundem</strong></span> <span class='ocrx_word' id='word_1_329' title='bbox 910 3319 1209 3391; x_wconf 87' lang='lat' dir='ltr'><strong>principum</strong></span> <span class='ocrx_word' id='word_1_330' title='bbox 1247 3322 1436 3374; x_wconf 84' lang='lat' dir='ltr'><strong>vetere</strong></span> <span class='ocrx_word' id='word_1_331' title='bbox 1475 3317 1696 3375; x_wconf 88' lang='lat' dir='ltr'><strong>dialecti</strong></span> <span class='ocrx_word' id='word_1_332' title='bbox 1732 3316 2037 3375; x_wconf 83' lang='lat' dir='ltr'><strong>saxonicae</strong></span> <span class='ocrx_word' id='word_1_333' title='bbox 2075 3316 2309 3374; x_wconf 88' lang='lat' dir='ltr'><strong>carmine</strong></span> 
     </span>
     <span class='ocr_line' id='line_1_35' title="bbox 43 3405 731 3479; baseline 0 -16"><span class='ocrx_word' id='word_1_334' title='bbox 43 3405 385 3479; x_wconf 58' lang='lat' dir='ltr'><strong>zomplexus</strong></span> <span class='ocrx_word' id='word_1_335' title='bbox 409 3405 495 3463; x_wconf 86' lang='lat' dir='ltr'><strong>bis</strong></span> <span class='ocrx_word' id='word_1_336' title='bbox 521 3405 731 3465; x_wconf 86' lang='lat' dir='ltr'><strong>verbis:</strong></span> 
     </span>
     <span class='ocr_line' id='line_1_36' title="bbox 372 3484 1495 3568; baseline 0 -16"><span class='ocrx_word' id='word_1_337' title='bbox 372 3484 379 3501; x_wconf 89' lang='lat'>&#39;</span> <span class='ocrx_word' id='word_1_338' title='bbox 462 3512 471 3521; x_wconf 92' lang='lat'><em>·</em></span> <span class='ocrx_word' id='word_1_339' title='bbox 705 3494 817 3553; x_wconf 70' lang='lat' dir='ltr'><strong>Eia</strong></span> <span class='ocrx_word' id='word_1_340' title='bbox 842 3497 988 3552; x_wconf 81' lang='lat' dir='ltr'><strong>Here</strong></span> <span class='ocrx_word' id='word_1_341' title='bbox 1013 3497 1080 3553; x_wconf 78' lang='lat' dir='ltr'><strong>de</strong></span> <span class='ocrx_word' id='word_1_342' title='bbox 1102 3495 1211 3553; x_wconf 72' lang='lat' dir='ltr'><strong>lacit</strong></span> <span class='ocrx_word' id='word_1_343' title='bbox 1234 3495 1495 3568; x_wconf 78' lang='lat' dir='ltr'><strong>Hermon,</strong></span> 
     </span>
    </p>

    <p class='ocr_par' dir='ltr' id='par_1_5' title="bbox 704 3584 1395 3658">
     <span class='ocr_line' id='line_1_37' title="bbox 704 3584 1395 3658; baseline 0.001 -18"><span class='ocrx_word' id='word_1_344' title='bbox 704 3584 836 3640; x_wconf 76' lang='lat' dir='ltr'><strong>Alae</strong></span> <span class='ocrx_word' id='word_1_345' title='bbox 862 3585 927 3641; x_wconf 75' lang='lat' dir='ltr'><strong>ek</strong></span> <span class='ocrx_word' id='word_1_346' title='bbox 951 3598 1245 3641; x_wconf 69' lang='lat' dir='ltr'><strong>momen</strong></span> <span class='ocrx_word' id='word_1_347' title='bbox 1268 3585 1395 3658; x_wconf 76' lang='lat' dir='ltr'><strong>Itan,</strong></span> 
     </span>
    </p>

    <p class='ocr_par' dir='ltr' id='par_1_6' title="bbox 708 3672 1622 3746">
     <span class='ocr_line' id='line_1_38' title="bbox 708 3672 1622 3746; baseline 0.001 -17"><span class='ocrx_word' id='word_1_348' title='bbox 708 3673 809 3729; x_wconf 77' lang='lat' dir='ltr'><strong>Sin</strong></span> <span class='ocrx_word' id='word_1_349' title='bbox 840 3672 1021 3731; x_wconf 77' lang='lat' dir='ltr'><strong>Vader</strong></span> <span class='ocrx_word' id='word_1_350' title='bbox 1039 3673 1238 3745; x_wconf 74' lang='lat' dir='ltr'><strong>Billr&#39;nq</strong></span> <span class='ocrx_word' id='word_1_351' title='bbox 1263 3688 1383 3730; x_wconf 77' lang='lat' dir='ltr'><strong>was</strong></span> <span class='ocrx_word' id='word_1_352' title='bbox 1403 3677 1622 3746; x_wconf 66' lang='lat' dir='ltr'><strong>amnt,</strong></span> 
     </span>
    </p>

    <p class='ocr_par' dir='ltr' id='par_1_7' title="bbox 43 3760 1794 3929">
     <span class='ocr_line' id='line_1_39' title="bbox 708 3760 1794 3820; baseline 0.002 -4"><span class='ocrx_word' id='word_1_353' title='bbox 708 3760 868 3819; x_wconf 68' lang='lat' dir='ltr'><strong>Nicht</strong></span> <span class='ocrx_word' id='word_1_354' title='bbox 891 3776 1009 3819; x_wconf 84' lang='lat' dir='ltr'><strong>mer</strong></span> <span class='ocrx_word' id='word_1_355' title='bbox 1034 3763 1099 3819; x_wconf 75' lang='lat' dir='ltr'><strong>ek</strong></span> <span class='ocrx_word' id='word_1_356' title='bbox 1117 3777 1229 3820; x_wconf 78' lang='lat' dir='ltr'><strong>van</strong></span> <span class='ocrx_word' id='word_1_357' title='bbox 1260 3765 1417 3819; x_wconf 68' lang='lat' dir='ltr'><strong>amen</strong></span> <span class='ocrx_word' id='word_1_358' title='bbox 1439 3762 1622 3819; x_wconf 70' lang='lat' dir='ltr'><strong>kunnu</strong></span> <span class='ocrx_word' id='word_1_359' title='bbox 1644 3764 1794 3819; x_wconf 76' lang='lat' dir='ltr'><strong>cant.</strong></span> 
     </span>
     <span class='ocr_line' id='line_1_40' title="bbox 43 3852 609 3929; baseline -0.007 -18"><span class='ocrx_word' id='word_1_360' title='bbox 43 3859 234 3929; x_wconf 78' lang='lat' dir='ltr'><strong>:ujus</strong></span> <span class='ocrx_word' id='word_1_361' title='bbox 266 3863 465 3909; x_wconf 77' lang='lat' dir='ltr'><strong>sensus</strong></span> <span class='ocrx_word' id='word_1_362' title='bbox 495 3852 609 3908; x_wconf 90' lang='lat' dir='ltr'><strong>est:</strong></span> 
     </span>
    </p>

    <p class='ocr_par' dir='ltr' id='par_1_8' title="bbox 490 3937 1992 4101">
     <span class='ocr_line' id='line_1_41' title="bbox 490 3937 1824 4012; baseline -0.002 -16"><span class='ocrx_word' id='word_1_363' title='bbox 490 3939 862 3997; x_wconf 69' lang='lat' dir='ltr'><strong>Hcs-mannum</strong></span> <span class='ocrx_word' id='word_1_364' title='bbox 889 3938 1057 3996; x_wconf 70' lang='lat' dir='ltr'><strong>didici</strong></span> <span class='ocrx_word' id='word_1_365' title='bbox 1080 3937 1333 4012; x_wconf 72' lang='lat' dir='ltr'><strong>Biuunqo</strong></span> <span class='ocrx_word' id='word_1_366' title='bbox 1353 3943 1520 4010; x_wconf 74' lang='lat' dir='ltr'><strong>patro</strong></span> <span class='ocrx_word' id='word_1_367' title='bbox 1540 3939 1824 4012; x_wconf 72' lang='lat' dir='ltr'><strong>dynastam</strong></span> 
     </span>
     <span class='ocr_line' id='line_1_42' title="bbox 561 4028 1992 4101; baseline -0.002 -17"><span class='ocrx_word' id='word_1_368' title='bbox 561 4028 923 4101; x_wconf 59' lang='lat' dir='ltr'><strong>hoyensium,</strong></span> <span class='ocrx_word' id='word_1_369' title='bbox 945 4029 1163 4099; x_wconf 60' lang='grc' dir='ltr'><strong>,φωτινὴ</strong></span> <span class='ocrx_word' id='word_1_370' title='bbox 1182 4042 1283 4084; x_wconf 78' lang='lat' dir='ltr'><strong>nec</strong></span> <span class='ocrx_word' id='word_1_371' title='bbox 1306 4029 1436 4084; x_wconf 66' lang='lat' dir='ltr'><strong>milet</strong></span> <span class='ocrx_word' id='word_1_372' title='bbox 1454 4030 1621 4101; x_wconf 73' lang='lat' dir='ltr'><strong>plura</strong></span> <span class='ocrx_word' id='word_1_373' title='bbox 1644 4030 1845 4097; x_wconf 75' lang='lat' dir='ltr'><strong>patent.</strong></span> <span class='ocrx_word' id='word_1_374' title='bbox 1981 4068 1992 4073; x_wconf 93' lang='lat'>-</span> 
     </span>
    </p>

    <p class='ocr_par' dir='ltr' id='par_1_9' title="bbox 43 4112 2394 4547">
     <span class='ocr_line' id='line_1_43' title="bbox 197 4112 2309 4189; baseline -0.002 -15"><span class='ocrx_word' id='word_1_375' title='bbox 197 4118 260 4174; x_wconf 75' lang='grc' dir='ltr'><strong>Β.</strong></span> <span class='ocrx_word' id='word_1_376' title='bbox 333 4115 596 4188; x_wconf 84' lang='lat' dir='ltr'><strong>Equidem</strong></span> <span class='ocrx_word' id='word_1_377' title='bbox 621 4116 780 4174; x_wconf 88' lang='lat' dir='ltr'><strong>nobis</strong></span> <span class='ocrx_word' id='word_1_378' title='bbox 809 4129 1024 4189; x_wconf 87' lang='lat' dir='ltr'><strong>quoque</strong></span> <span class='ocrx_word' id='word_1_379' title='bbox 1048 4115 1202 4188; x_wconf 87' lang='lat' dir='ltr'><strong>plura</strong></span> <span class='ocrx_word' id='word_1_380' title='bbox 1223 4118 1384 4173; x_wconf 86' lang='lat' dir='ltr'><strong>certis</strong></span> <span class='ocrx_word' id='word_1_381' title='bbox 1403 4116 1743 4172; x_wconf 81' lang='lat' dir='ltr'><strong>historiarum</strong></span> <span class='ocrx_word' id='word_1_382' title='bbox 1762 4112 2309 4172; x_wconf 83' lang='lat' dir='ltr'><strong>demonstrationibus</strong></span> 
     </span>
     <span class='ocr_line' id='line_1_44' title="bbox 43 4204 2312 4277; baseline -0.003 -11"><span class='ocrx_word' id='word_1_383' title='bbox 43 4211 119 4266; x_wconf 86' lang='lat' dir='ltr'><strong>de</strong></span> <span class='ocrx_word' id='word_1_384' title='bbox 150 4218 267 4263; x_wconf 82' lang='lat' dir='ltr'><strong>avo</strong></span> <span class='ocrx_word' id='word_1_385' title='bbox 296 4208 389 4261; x_wconf 83' lang='lat' dir='ltr'><strong>aut</strong></span> <span class='ocrx_word' id='word_1_386' title='bbox 411 4220 616 4276; x_wconf 84' lang='lat' dir='ltr'><strong>proavo</strong></span> <span class='ocrx_word' id='word_1_387' title='bbox 643 4209 737 4262; x_wconf 85' lang='lat' dir='ltr'><strong>aut</strong></span> <span class='ocrx_word' id='word_1_388' title='bbox 762 4207 1056 4277; x_wconf 80' lang='lat' dir='ltr'><strong>majoribus</strong></span> <span class='ocrx_word' id='word_1_389' title='bbox 1082 4208 1185 4262; x_wconf 85' lang='lat' dir='ltr'><strong>viri</strong></span> <span class='ocrx_word' id='word_1_390' title='bbox 1216 4206 1448 4263; x_wconf 87' lang='lat' dir='ltr'><strong>caeteris</strong></span> <span class='ocrx_word' id='word_1_391' title='bbox 1475 4219 1585 4263; x_wconf 88' lang='lat' dir='ltr'><strong>nou</strong></span> <span class='ocrx_word' id='word_1_392' title='bbox 1611 4204 1836 4277; x_wconf 87' lang='lat' dir='ltr'><strong>liquent,</strong></span> <span class='ocrx_word' id='word_1_393' title='bbox 1880 4205 2088 4274; x_wconf 79' lang='lat' dir='ltr'><strong>maguis</strong></span> <span class='ocrx_word' id='word_1_394' title='bbox 2129 4205 2312 4260; x_wconf 87' lang='lat' dir='ltr'><strong>tamen</strong></span> 
     </span>
     <span class='ocr_line' id='line_1_45' title="bbox 43 4291 2394 4365; baseline -0.005 -10"><span class='ocrx_word' id='word_1_395' title='bbox 43 4295 281 4355; x_wconf 79' lang='lat' dir='ltr'><strong>iudiciis</strong></span> <span class='ocrx_word' id='word_1_396' title='bbox 309 4292 641 4364; x_wconf 83' lang='lat' dir='ltr'><strong>Biliinganae</strong></span> <span class='ocrx_word' id='word_1_397' title='bbox 669 4296 846 4365; x_wconf 76' lang='lat' dir='ltr'><strong>gentis</strong></span> <span class='ocrx_word' id='word_1_398' title='bbox 875 4296 1112 4365; x_wconf 74' lang='lat' dir='ltr'><strong>origines</strong></span> <span class='ocrx_word' id='word_1_399' title='bbox 1138 4294 1424 4352; x_wconf 77' lang='lat' dir='ltr'><strong>referimus</strong></span> <span class='ocrx_word' id='word_1_400' title='bbox 1453 4292 1522 4352; x_wconf 89' lang='lat' dir='ltr'><strong>ad</strong></span> <span class='ocrx_word' id='word_1_401' title='bbox 1540 4294 1889 4365; x_wconf 79' lang='lat' dir='ltr'><strong>Amalungum</strong></span> <span class='ocrx_word' id='word_1_402' title='bbox 1919 4297 2148 4364; x_wconf 78' lang='lat' dir='ltr'><strong>ejusque</strong></span> <span class='ocrx_word' id='word_1_403' title='bbox 2169 4291 2312 4347; x_wconf 84' lang='lat' dir='ltr'><strong>tilios</strong></span> <span class='ocrx_word' id='word_1_404' title='bbox 2387 4336 2394 4343; x_wconf 92' lang='lat'><strong>.</strong></span> 
     </span>
     <span class='ocr_line' id='line_1_46' title="bbox 43 4381 2311 4457; baseline -0.004 -13"><span class='ocrx_word' id='word_1_405' title='bbox 43 4381 297 4444; x_wconf 80' lang='lat' dir='ltr'><strong>Bennitb</strong></span> <span class='ocrx_word' id='word_1_406' title='bbox 325 4387 382 4439; x_wconf 90' lang='lat' dir='ltr'><strong>et</strong></span> <span class='ocrx_word' id='word_1_407' title='bbox 407 4382 727 4456; x_wconf 72' lang='lat' dir='ltr'><strong>Emungam,</strong></span> <span class='ocrx_word' id='word_1_408' title='bbox 745 4382 929 4440; x_wconf 87' lang='lat' dir='ltr'><strong>Caroli</strong></span> <span class='ocrx_word' id='word_1_409' title='bbox 945 4384 1016 4441; x_wconf 72' lang='lat' dir='ltr'><strong>ai.</strong></span> <span class='ocrx_word' id='word_1_410' title='bbox 1045 4382 1305 4454; x_wconf 80' lang='lat' dir='ltr'><strong>aequales</strong></span> <span class='ocrx_word' id='word_1_411' title='bbox 1323 4384 1591 4447; x_wconf 82' lang='lat' dir='ltr'><strong>Saxonum</strong></span> <span class='ocrx_word' id='word_1_412' title='bbox 1617 4396 1890 4457; x_wconf 86' lang='lat' dir='ltr'><strong>proceres,</strong></span> <span class='ocrx_word' id='word_1_413' title='bbox 1919 4385 1975 4438; x_wconf 87' lang='lat' dir='ltr'><strong>in</strong></span> <span class='ocrx_word' id='word_1_414' title='bbox 2001 4382 2311 4439; x_wconf 85' lang='lat' dir='ltr'><strong>traditioni-</strong></span> 
     </span>
     <span class='ocr_line' id='line_1_47' title="bbox 43 4469 2310 4547; baseline -0.003 -16"><span class='ocrx_word' id='word_1_415' title='bbox 43 4475 155 4531; x_wconf 91' lang='lat' dir='ltr'><strong>bus</strong></span> <span class='ocrx_word' id='word_1_416' title='bbox 199 4470 567 4529; x_wconf 78' lang='lat' dir='ltr'><strong>Fuldeusibus</strong></span> <span class='ocrx_word' id='word_1_417' title='bbox 608 4476 949 4547; x_wconf 86' lang='lat' dir='ltr'><strong>memoratos,</strong></span> <span class='ocrx_word' id='word_1_418' title='bbox 995 4475 1249 4546; x_wconf 85' lang='lat' dir='ltr'><strong>quoniam</strong></span> <span class='ocrx_word' id='word_1_419' title='bbox 1288 4489 1357 4533; x_wconf 88' lang='lat' dir='ltr'><strong>ea</strong></span> <span class='ocrx_word' id='word_1_420' title='bbox 1395 4476 1614 4537; x_wconf 85' lang='lat' dir='ltr'><strong>nomina</strong></span> <span class='ocrx_word' id='word_1_421' title='bbox 1652 4475 1709 4533; x_wconf 90' lang='lat' dir='ltr'><strong>in</strong></span> <span class='ocrx_word' id='word_1_422' title='bbox 1748 4473 2067 4545; x_wconf 82' lang='lat' dir='ltr'><strong>Biilungana</strong></span> <span class='ocrx_word' id='word_1_423' title='bbox 2107 4469 2310 4529; x_wconf 72' lang='lat' dir='ltr'><strong>familia</strong></span> 
     </span>
    </p>
   </div>
   <div class='ocr_carea' id='block_1_3' title="bbox 1742 4580 1882 4648">
    <p class='ocr_par' dir='ltr' id='par_1_10' title="bbox 1742 4580 1882 4648">
     <span class='ocr_line' id='line_1_48' title="bbox 1742 4580 1882 4648; baseline -0.064 1"><span class='ocrx_word' id='word_1_424' title='bbox 1742 4580 1882 4648; x_wconf 63' lang='lat'><strong>37*</strong></span> 
     </span>
    </p>
   </div>
  </div>
 </body>
</html>
