2817 4959
771 213 1302 331 A'NNALns
1366 253 1843 332 tarsun·
2282 265 2411 334 253

134 435 343 509 populi
387 439 585 509 jussu,
625 435 774 494 nullo
813 438 1048 508 gentium
1086 439 1394 526 discrimine
1433 437 1751 510 agebantur:
1802 452 1910 497 nec
1947 444 2269 515 necessaria,
2308 442 2409 500 sed
2432 442 2657 515 καὶ

136 525 298 581 atilis
350 527 746 582 successionis
785 527 931 584 linea
970 527 1280 586 habebatur.
1353 529 1540 599 ltaque
1567 531 1749 603 stirpis
1778 529 2011 587 defectio
2049 532 2409 602 reipublicae

25 655 28 698 3
135 613 276 670 nibil
329 614 687 670 detrahebat.
753 615 861 672 Sed
906 619 1127 673 mutatio
1173 619 1314 673 circa
1358 620 1644 687 optimates
1688 621 1927 689 inprimis
1975 622 2211 690 contigit.
2274 622 2408 677 Nam

25 709 26 716 ’
141 714 434 773 proceres
480 706 732 773 majores,
775 706 866 759 diu
905 708 1197 777 suppressi,
1248 720 1434 778 sparsa
1472 708 1527 762 in
1567 701 1835 778 plur-et
1861 710 2094 764 minores
2122 711 2408 782 potestate,

25 801 26 804 ’
143 791 432 861 paulatim
496 795 828 848 necessitate
883 797 1183 864 temporum
1247 799 1304 851 et
1369 795 1673 851 infirmitate
1725 811 1906 866 regum
1971 795 2406 854 renascebantur.

146 878 335 934 Duces
388 879 533 934 olim
591 892 690 949 per
729 882 1031 951 provincias
1078 881 1177 937 snb
1233 884 1525 952 majoribus
1569 884 1756 940 domus
1801 885 2221 956 merovingorum
2264 885 2407 942 colla

149 973 486 1024 erexerant.
544 967 675 1023 Cum
717 971 857 1025 enim
896 969 951 1024 hi
991 982 1175 1038 rogum
1217 974 1556 1028 autoritatem
1598 974 1665 1029 ad
1693 985 1755 1028 se
1782 972 2066 1040 traherent,
2106 972 2246 1029 band
2273 976 2411 1030 satis

149 1055 552 1126 obsequentes
580 1056 849 1114 habebant
871 1059 1105 1127 gentiam
1134 1063 1373 1116 rectores
1395 1066 1486 1116 aut
1513 1061 1798 1133 principes,
1841 1062 1931 1132 qni
1955 1075 2151 1130 genere
2181 1061 2408 1132 opibus-

155 1157 258 1213 que
287 1157 476 1215 pares
505 1148 595 1201 aut
622 1148 930 1220 superiores
951 1147 1064 1202 sibi
1091 1146 1420 1204 videbantur.
1485 1149 1594 1205 Sed
1620 1147 1983 1206 Allemanniae
2012 1151 2175 1207 duces
2204 1164 2235 1204 a
2264 1150 2412 1206 biar-

155 1233 311 1304 tello,
361 1234 700 1303 Aquitaniae
740 1248 771 1289 a
799 1234 981 1306 Pipino
1018 1237 1129 1303 Jam
1166 1249 1312 1307 rege,
1354 1236 1635 1304 Baioariae
1662 1255 1692 1294 a
1719 1238 1909 1308 niagno
1938 1237 2132 1294 Carolo
2161 1240 2411 1310 oppressi

163 1328 314 1376 sunt:
391 1321 526 1392 soli,
573 1323 671 1377 sed
713 1336 873 1392 aegre
915 1324 1231 1394 superfuere
1284 1325 1591 1381 Britanniae
1636 1327 1814 1395 reguli
1869 1329 1924 1383 in
1965 1325 2173 1386 Galliae
2213 1326 2411 1396 angulo

163 1411 279 1466 sire
308 1424 523 1478 cornn3
555 1413 608 1465 et
625 1410 989 1469 Beneventani
1025 1415 1080 1469 iu
1107 1409 1260 1483 regni
1286 1414 1675 1484 Longobardici
1702 1413 1897 1472 finibus
1924 1419 2194 1486 extremis,
2215 1415 2410 1486 quibas

167 1498 288 1566 ipse
313 1498 555 1566 Magnus
584 1497 807 1555 Carolus
835 1500 1035 1571 aliquid
1063 1503 1373 1574 indulserat,
1415 1517 1486 1560 ne
1514 1504 1579 1561 ad
1609 1503 1844 1560 Graecos
1881 1505 2264 1560 desciscerent.
2324 1504 2413 1560 lta

168 1600 310 1656 pene
355 1585 614 1642 omnibns
649 1588 716 1643 ad
757 1602 1087 1645 communem
1131 1593 1382 1646 comitum
1425 1593 1667 1648 ordinem
1719 1592 1968 1662 redactis,
2013 1592 2200 1648 aboliti
2234 1591 2413 1661 regali

171 1676 305 1730 visi:
348 1676 455 1730 sed
495 1675 748 1744 paulatim
791 1689 886 1746 per
929 1680 1123 1732 missos
1150 1681 1330 1746 regios
1359 1683 1430 1735 ‘et
1457 1681 1679 1736 militiae
1707 1679 2012 1752 praefectos
2041 1695 2110 1736 ex
2130 1679 2413 1736 'cineribus

185 1766 443 1820 revixere.
469 1763 719 1817 ‘Carolus
744 1764 967 1832 Magnus
995 1770 1051 1818 et
1077 1764 1380 1820 Lndovicns
1406 1766 1547 1837 Pius,
1564 1763 1839 1838 ‘poscente
1863 1782 2037 1824 rerum
2065 1784 2180 1839 usn,
2220 1771 2413 1825 mitte-

192 1848 319 1907 bant
344 1854 397 1907 in
424 1852 738 1922 provincias,
771 1853 860 1921 qui
887 1854 944 1908 in
972 1854 1196 1908 comites
1223 1855 1373 1925 ipses
1401 1853 1663 1911 baberent
1689 1857 2025 1926 potestatem,
2056 1857 2157 1911 sed
2183 1856 2413 1925 delega-

193 1943 296 1994 tam
324 1946 467 1997 extra
495 1940 755 2011 ordinem,
797 1945 851 1995 et
883 1937 1293 2012 temporariamss
1335 1944 1549 2013 qualem
1591 1943 1981 2014 archiepiscopi
2021 1946 2076 1998 in
2116 1946 2411 2013 episcopos

187 2027 499 2088 ordinariam
541 2033 599 2084 et
639 2028 809 2084 fixam.
897 2029 1086 2100 Itaque
1141 2034 1196 2085 et
1236 2030 1627 2102 archiepiscopi
1675 2033 1733 2088 in
1774 2031 2150 2102 capitularibus
2206 2031 2409 2088 alicubi

185 2119 360 2173 missis
410 2129 480 2174 ex
518 2131 694 2187 aequo
728 2120 1022 2185 junguntur
1060 2123 1154 2173 ant
1193 2123 1591 2188 componuntur.
1646 2120 1755 2176 Sed
1796 2121 1948 2175 missi
1990 2132 2117 2177 esse
2158 2119 2413 2178 solebant

183 2207 434 2264 comitum
460 2207 741 2278 potissimi,
784 2200 888 2276 quo
932 2209 1102 2274 major
1142 2207 1353 2263 scilicet
1391 2210 1651 2265 autoritas
1688 2212 1852 2265 osset.
1903 2207 2101 2264 lisdem
2129 2211 2187 2264 ln
2212 2207 2417 2265 tinibus·

183 2296 388 2366 imperii
417 2297 690 2352 exercitus
717 2293 1087 2350 credebantur.
1140 2295 1332 2366 ltaque
1357 2296 1521 2366 vulgo
1558 2297 1775 2352 honoris
1818 2309 1982 2352 causa
2018 2296 2184 2351 duces
2213 2296 2413 2368 appel-

183 2381 439 2453 labantur‚
496 2385 600 2438 etsi
653 2385 712 2438 in
751 2382 947 2439 tabulis
989 2393 1173 2451 regum
1209 2387 1433 2440 nonnisi
1477 2386 1724 2441 comitum
1766 2386 1966 2440 mantio
2002 2388 2175 2443 esset.
2214 2407 2215 2410 ¹
2262 2386 2417 2442 Sane

183 2472 505 2530 Walaffldas
546 2469 766 2527 Strabus
808 2472 971 2527 etiam
1011 2471 1175 2527 daces
1217 2472 1653 2545 archiepiscopis,
1698 2473 1922 2528 comites
1948 2474 2225 2544 episcopis
2252 2488 2408 2530 com·-

183 2566 342 2632 parat.
408 2560 479 2615 Et
519 2574 637 2616 cnm
677 2563 790 2628 jam
844 2559 1040 2616 dudum
1077 2559 1309 2616 honores
1355 2561 1588 2632 familiis,
1633 2561 1740 2617 nisi
1791 2574 1981 2630 magna
2020 2563 2243 2631 ratione,
2295 2573 2409 2618 non

184 2650 541 2708 adimerentur
556 2668 572 2720 3
588 2664 706 2704 non
734 2644 851 2704 r'aro
879 2647 1066 2719 plnres
1091 2647 1387 2721 comitatus,
1418 2652 1509 2705 ant
1534 2652 1702 2718 gratia
1728 2647 1929 2718 regum,
1949 2651 2041 2703 aut
2073 2648 2415 2712 haereditate,

185 2740 267 2796 rel
307 2738 677 2808 matrimoniis,
725 2738 782 2791 in
822 2749 983 2791 unum
1023 2740 1288 2794 rectorem
1330 2736 1683 2808 confluebant,
1736 2737 2053 2807 praesertim
2093 2738 2189 2805 qm
2224 2739 2415 2805 regiae·

185 2825 420 2885 familiae
460 2827 858 2898 propinquitate
889 2823 1124 2895 quadam
1161 2827 1390 2880 innexus
1421 2827 1599 2880 esset:
1645 2823 1789 2894 qaod
1815 2822 2028 2893 quidem
2056 2823 2282 2879 Carolus
2306 2824 2415 2881 iile

184 2915 403 2986 unguas
444 2930 553 2971 non
595 2914 755 2971 facile
796 2916 1128 2984 permiserat.
1191 2913 1338 2983 Nam,
1375 2914 1433 2968 nt
1471 2916 1621 2968 recte
1660 2913 1717 2966 in
1743 2913 1853 2966 vita
1888 2912 2008 2978 ejus
2035 2910 2417 2981 Sangallensk

187 3004 505 3061 monachus:
543 3001 676 3059 nulli
695 3003 959 3071 comitum,
987 3002 1096 3055 nisi
1112 3002 1206 3071 qui
1231 3002 1287 3056 in
1314 3000 1545 3056 confinio
1575 2999 1914 3056 barbarorum
1937 3002 2215 3056 constituti
2239 3003 2415 3072 erant,-

186 3093 298 3164 pius
341 3106 506 3164 quam
545 3104 704 3148 unum
745 3091 1056 3145 comitatum>
1083 3087 1376 3160 aliquando
1419 3091 1718 3159 concessit3
1758 3103 1864 3145 nac
1901 3087 2064 3144 facile
2102 3089 2193 3144 nui
2214 3087 2405 3159 plnres

188 3184 451 3239 ecclesias
508 3179 864 3249 abbatiasque
916 3177 1202 3248 credebat3
1245 3176 1562 3248 -ajebatque,
1615 3192 1678 3234 se
1732 3176 1892 3233 malle
1946 3177 2142 3234 maltos
2190 3175 2406 3250 fideles,

188 3283 336 3340 quam
373 3281 617 3339 magnos.
667 3266 774 3323 Sed
816 3265 1045 3323 facilitas
1087 3266 1341 3322 Lndovici
1381 3266 1479 3323 tilii
1521 3269 1842 3340 corruptioni
1866 3269 2007 3322 viam
2046 3266 2419 3337 aperuit-qui.

188 3362 340 3415 edam
369 3357 658 3430 (Thegano
688 3356 1046 3424 memorante)
1079 3357 1282 3423 regium
1311 3356 1679 3424 patrimonium
1706 3355 1864 3411 salde
1889 3356 2165 3425 imminuit,
2200 3353 2413 3410 fiscali-

190 3446 279 3504 bas
305 3447 550 3519 praediis
573 3459 682 3501 non
709 3447 766 3500 in
795 3445 1057 3500 ecclesias
1086 3447 1304 3515 tantum,
1345 3444 1444 3499 sed
1486 3447 1541 3499 et
1579 3446 1634 3500 in
1672 3444 1928 3499 militares
1955 3445 2117 3512 viros,
2159 3440 2415 3500 beneficii

189 3537 301 3606 lege
326 3537 536 3608 passim
563 3536 783 3606 sparsis.
848 3532 1199 3589 comitatibus
1233 3534 1295 3588 in
1334 3533 1737 3588 unnmcollatis
1773 3529 2033 3601 pluribus,
2075 3526 2411 3586 accedebant

189 3623 432 3682 abbatiae
461 3627 515 3678 in
541 3622 811 3678 cumulum
829 3636 1013 3692 opum,
1050 3634 1188 3691 qnae
1213 3619 1526 3690 potentibus
1555 3619 2072 3689 commendabantur,
2110 3620 2202 3674 ant
2226 3620 2410 3675 verius

189 3712 550 3771 comedendae
577 3709 849 3766 dabantur.
906 3709 1278 3777 Ingruentibus
1306 3709 1500 3766 deinde
1530 3708 1787 3779 barbaris,
1812 3709 1901 3764 vei
1928 3704 2205 3763 laborante
2231 3705 2413 3763 civ-ili-

187 3799 278 3857 bas
320 3800 488 3856 bellis
534 3813 596 3854 re
633 3797 868 3868 publica,
907 3811 1092 3866 regum
1132 3798 1427 3865 indigentia
1466 3796 1851 3866 indulgentiam
1893 3797 2054 3852 anxit.
2122 3793 2199 3850 Ut.
2233 3798 2414 3852 tanen

187 3891 419 3961 integrae
449 3887 758 3960 provinciae
799 3886 993 3956 aliquis
1034 3900 1153 3942 cum
1180 3875 1352 3958 copiis
1393 3888 1694 3956 praeesset,
1733 3883 1969 3939 nondum
2004 3882 2415 3956 haereditarium

185 3977 493 4049 habebatur,
515 3991 633 4032 cn·
652 3976 754 4031 viri
772 3977 939 4030 virtus
968 3975 1197 4045 legenda
1224 3978 1401 4030 esset:
1435 3977 1540 4030 etsi
1566 3972 1708 4028 hand
1735 3985 1895 4041 aegre
1923 3975 2146 4043 paterna
2170 3975 2413 4044 potestas

189 4065 512 4124 merentibus
552 4064 740 4119 liberis
768 4063 1165 4120 concederetur.
1224 4063 1333 4121 Sed
1359 4062 1487 4118 inde
1509 4065 1625 4131 jam·
1650 4059 1880 4133 tandem,
1925 4061 2097 4132 regali
2140 4062 2413 4132 potestate

187 4155 489 4223 inclinante,
532 4155 696 4209 etiam
733 4152 955 4207 ducam
991 4151 1335 4209 haereditarii
1373 4162 1655 4219 resurgere
1685 4161 1945 4221 σαῦροι-ος
1985 4154 2058 4223 et,
2099 4151 2191 4221 qni
2217 4146 2414 4205 multos

191 4247 463 4300 comitatus
493 4243 776 4310 contiguos
804 4238 1170 4312 possidebant,
1213 4253 1357 4297 nunc
1382 4241 1547 4295 etiam
1573 4237 1854 4295 militarem
1898 4239 2091 4296 inillis
2133 4242 2189 4293 et
2214 4238 2416 4292 missa-

193 4332 340 4386 ticam
381 4333 707 4400 potestatem
743 4341 1002 4398 usurpare
1029 4331 1149 4384 ausi
1175 4333 1314 4400 sunt,
1357 4329 1534 4384 sumto
1573 4340 1681 4382 non
1715 4328 1933 4414 nomine
1971 4330 2191 4396 tantum,
2233 4324 2333 4382 sed
2352 4328 2418 4380 et

193 4420 408 4489 inperio
448 4417 673 4489 ducum3
713 4432 832 4476 cnm
872 4420 1033 4474 antea
1072 4431 1249 4487 namo,
1291 4416 1398 4473 nisi
1437 4417 1495 4472 in
1534 4414 1725 4475 tinibus
1756 4420 1813 4474 et
1850 4419 1905 4472 in
1945 4411 2220 4485 barbaros,
2261 4412 2417 4472 militi
