2817 4959
659 311 1193 382 ansatas
1261 312 1718 380 urrann
1925 395 1930 402 ⁸
2173 314 2305 382 sar

78 489 143 546 ad
174 486 407 545 Lanbias
434 488 668 560 veniunt,
703 489 1082 545 monasterium
1109 486 1366 545 Sambi-ae
1403 489 1644 559 assitam,
1670 486 1764 543 ubi
1804 485 2065 544 ducentos
2091 484 2300 548 wude·
2325 488 2391 557 Α.
2415 485 2582 557 Ω54.’

77 581 437 650 paciscantur,
466 576 743 632 obsidibus
770 577 1005 632 vicissim
1034 576 1190 633 datis.
1241 575 1348 632 Sed
1377 576 1602 646 abrupta
1630 582 1715 632 est
1743 578 2005 647 tractatio,
2031 574 2307 636 Laubion-

80 681 175 722 ses
198 673 435 722 montem
455 667 779 723 monasterio
807 663 1199 722 incumbentem
1216 664 1570 736 plaustrorum
1592 678 1658 720 ac
1683 666 1891 735 sepium
1911 664 2306 735 impedimentis

80 757 343 824 muniunt,
364 758 583 825 jamque
602 758 904 809 octavarum
933 751 1259 822 paschalium
1283 751 1570 808 celebritas
1592 752 1972 823 complebatur,
2001 755 2305 824 cumprime

78 846 206 900 luce
233 844 480 915 apparuit
507 842 674 898 densa
702 840 849 897 velut
892 840 1065 896 nubes
1094 847 1348 911 equorum
1397 841 1742 911 equitumque
1782 841 2138 910 galeatorum:
2182 853 2306 897 mo-

78 931 238 988 nachi
280 933 336 986 in
383 936 615 986 montem
657 927 985 1000 confugiunt,
1030 928 1289 984 tardiores
1328 929 1652 985 caeduntur:
1706 931 1927 985 munitio
1956 935 2303 1000 oppugnatur,

74 1024 302 1091 jamque
334 1019 567 1088 Hungari
596 1017 971 1089 irrumpebant,
1011 1032 1131 1074 cam
1171 1017 1371 1082 effusus
1415 1018 1573 1074 coelo
1612 1020 1902 1074 immensus
1943 1017 2124 1073 imber·
2147 1032 2304 1076 arcus

77 1122 269 1164 eorum
296 1108 518 1163 inutiles
560 1105 707 1164 i'ecit.
779 1107 915 1164 Hinc
957 1105 1289 1163 celeritatem
1328 1104 1646 1162 formidandi
1688 1106 1862 1163 hostis
1901 1108 2175 1177 aestimes,
2212 1111 2306 1180 qut

74 1200 218 1254 intra
247 1196 407 1253 binas
435 1197 767 1266 septimanas
793 1199 958 1251 totam
986 1192 1387 1252 Lotbariensem
1404 1196 1677 1263 regionem
1699 1208 1970 1259 emensus,
1993 1210 2029 1251 a
2055 1195 2302 1252 worma-

77 1288 154 1342 tia
177 1298 357 1356 usque
378 1283 446 1341 ad
473 1283 846 1341 Hainenenses
865 1287 1057 1340 cuncta
1076 1283 1328 1354 pervasit.
1370 1282 1504 1339 Inde
1532 1282 1876 1340 cameracum
1896 1283 2079 1340 urbem
2105 1294 2305 1352 aggre-

77 1374 315 1430 diuntur.
375 1372 481 1428 Sed
510 1372 761 1430 Fulberto
780 1375 1040 1445 episcopo
1069 1374 1124 1428 et
1147 1369 1335 1427 Odone
1363 1373 1561 1427 comite
1585 1375 1770 1441 partes
1794 1385 1920 1427 snas
1941 1370 2303 1443 implentibus,

75 1462 305 1533 repulsi,
337 1463 637 1533 propinquo
663 1464 826 1517 etiam
852 1461 1123 1531 Bulgionis
1149 1459 1323 1529 reguli
1349 1463 1524 1530 (anno
1539 1464 1805 1529 sequente
1830 1460 2115 1517 Bulskonis
2142 1459 2306 1528 dicti)

76 1554 301 1622 amisso,
335 1549 614 1605 combusta
640 1550 777 1605 aede
803 1549 860 1604 S.
890 1548 1188 1620 Gangeriei,
1216 1561 1353 1619 quae
1364 1554 1499 1606 tuno
1526 1554 1677 1604 extra
1703 1562 1898 1620 muros,
1926 1548 2137 1617 lougius
2172 1562 2305 1619 pro-

78 1639 293 1710 cedunt,
328 1641 454 1694 etin
475 1637 681 1694 Galliae
708 1652 924 1707 regnum
952 1640 1199 1708 ingressi,
1219 1652 1399 1706 agrum
1419 1636 1860 1707 veromandorum,
1878 1636 2303 1705 Laudunensem,

75 1727 405 1785 Remensem
421 1725 755 1796 populantur,
776 1733 831 1781 et
856 1726 913 1781 S.
933 1726 1644 1783 Theoderici-monasterinm
1659 1726 1715 1780 in
1735 1739 1860 1795 agro
1879 1725 2131 1781 ilamensi
2150 1737 2307 1779 com-

76 1816 288 1875 burunt.
349 1815 482 1872 Inde
502 1828 598 1885 per
616 1813 948 1872 cabillonem
971 1815 1039 1871 ad
1067 1814 1358 1870 matronam
1384 1817 1442 1869 in
1468 1813 1820 1883 Burgundiam
1847 1826 1975 1870 sese
2000 1811 2304 1881 infundunt,

78 1910 133 1962 et
163 1910 464 1977 postremo,
490 1904 582 1974 qui
610 1903 824 1960 casibus
852 1901 1161 1973 morbisque
1186 1902 1578 1974 superfuerunt,
1617 1917 1715 1973 per
1754 1901 1979 1973 ltaliam,
2024 1899 2304 1970 quodnon

78 1997 211 2051 satis
242 1994 463 2063 mirere,
491 1992 701 2047 domum
727 1995 1081 2048 revertuntur.

217 2082 271 2138 8.
348 2079 678 2137 Ekkibardus
705 2080 1074 2149 sangallensis
1108 2080 1311 2152 scribit,
1337 2082 1616 2151 ilungaros
1644 2081 1860 2152 asylva
1885 2081 2048 2148 Nigra
2073 2079 2305 2135 venien-

81 2174 183 2242 tes,
212 2170 402 2226 Rheno
442 2168 773 2240 transmisso,
812 2171 868 2224 in
895 2168 1155 2225 Alsatiam
1190 2170 1468 2239 irrupisse¹
1486 2174 1543 2225 et
1568 2169 1880 2227 Lniti‘ridum
1902 2169 2149 2224 comitem
2176 2179 2306 2222 sese

82 2258 431 2327 objicientem
454 2262 674 2315 cruento
703 2257 907 2329 praelio
936 2259 1152 2326 vicisse,
1177 2258 1302 2314 inde
1331 2261 1386 2314 in
1413 2259 1762 2328 Burgundiam
1790 2264 1845 2316 et
1872 2256 2114 2314 Conradi·
2136 2253 2306 2311 Guel-

82 2346 294 2416 figenae
330 2359 551 2415 regnum
596 2353 932 2418 penetrasse,
968 2345 1266 2402 conradum
1293 2348 1551 2415 singulari
1587 2346 1881 2404 calliditate
1921 2345 2079 2400 binos
2117 2342 2306 2400 hostes

82 2434 360 2491 christiani
385 2436 615 2490 nominis
644 2451 674 2491 a
702 2436 928 2491 diversis
961 2435 1107 2491 orbis
1135 2434 1373 2505 partibus
1403 2438 1700 2507 venientes,
1736 2436 1888 2507 qnasi
1916 2449 2013 2504 par
2038 2433 2307 2503 gladiato-

77 2537 213 2592 rum,
224 2522 524 2586 Saracenos
542 2522 825 2579 Fraxineto
836 2523 1331 2580 adbucincubantes
1350 2523 1709 2593 etliungaros,
1727 2526 1869 2580 inter
1878 2537 1940 2579 se
1953 2522 2304 2578 commisisse.

79 2609 367 2677 Hungaris,
405 2609 452 2661 si
489 2609 545 2664 in
584 2603 917 2665 debellandis
945 2610 1143 2666 Mauris
1190 2611 1293 2664 sibi
1339 2610 1610 2679 adessent,
1656 2611 2043 2681 pulcherrimae
2068 2611 2307 2679 regionis

76 2697 383 2753 ubertatem
407 2694 708 2768 pollicetur,
737 2697 1019 2753 Saracenis
1034 2699 1257 2768 nuntiat,
1280 2698 1558 2766 ilungaros
1586 2710 1767 2753 eorum
1788 2712 1947 2767 agros
1968 2712 2000 2753 a
2020 2711 2084 2756 se
2100 2702 2308 2768 petere,

81 2799 221 2855 quos
252 2784 397 2840 circa
440 2784 773 2840 Fraxinetum
800 2783 1004 2840 indultu
1029 2799 1212 2851 regum
1254 2784 1353 2841 sub
1380 2787 1594 2854 ,exiguo
1623 2785 1820 2842 tributo
1849 2786 2000 2857 pacis
2027 2798 2190 2841 causa
2214 2791 2307 2840 te-

79 2873 303 2930 nebant.
377 2871 511 2932 Cum
536 2875 675 2928 inter
699 2887 763 2929 se
804 2872 1187 2944 conflixissent,
1227 2888 1327 2929 rex
1350 2875 1740 2943 superveniens
1766 2879 2026 2943 utrosque
2054 2873 2306 2929 concidit.

80 2961 243 3017 Fides
271 2976 442 3032 penes
470 2967 707 3018 autorem
737 2966 873 3018 esto.
943 2961 1111 3031 Hujus
1140 2965 1278 3033 anni,
1308 2977 1377 3018 an
1402 2955 1704 3033 sequentis,
1718 2975 1785 3016 an
1814 2962 1989 3038 potius
2018 2975 2066 3017 a.
2102 2959 2165 3017 D.
2184 2960 2307 3018 951.

81 3047 219 3105 baec
254 3051 327 3106 sit
362 3051 579 3121 irruptio
620 3053 675 3106 in
714 3050 1081 3121 Burgundiam,
1120 3065 1228 3106 non
1274 3049 1437 3107 facile
1476 3049 1763 3120 definieris,
1802 3052 1945 3122 prior
1972 3050 2307 3121 posteriorve

84 3149 213 3193 esse
240 3150 348 3193 non
379 3142 574 3209 potest.
646 3141 801 3196 Anno·
819 3139 938 3195 951.
966 3145 1022 3195 et
1047 3139 1152 3195 boc
1178 3145 1465 3211 praesente
1492 3141 1551 3196 in
1583 3138 1937 3209 Burgundiam
1976 3152 2086 3196 non
2111 3152 2181 3195 ex
2206 3138 2309 3194 Al-

84 3227 240 3298 satia‚
268 3226 367 3283 sed
396 3225 552 3282 ltalia
579 3226 819 3285 Galliave
849 3241 1066 3284 venere.
1138 3227 1409 3299 Sequente
1436 3231 1663 3298 attigere
1681 3228 1902 3299 sylvam
1929 3228 2159 3299 Nigram,
2187 3241 2308 3284 cam

84 3328 209 3369 mox
250 3313 320 3369 ab
365 3311 565 3372 Ottone
591 3315 757 3373 deleti
788 3323 936 3386 suut;
980 3316 1191 3385 longius
1219 3330 1537 3388 progresses
1561 3330 1721 3373 nemo
1759 3321 2045 3383 memorat;
2074 3318 2311 3387 potnerit

83 3405 263 3460 tamen
308 3405 481 3472 portio
524 3403 761 3462 Rhenum
803 3406 1164 3461 transmisisse
1206 3410 1261 3461 et
1313 3407 1369 3461 in
1411 3405 1719 3475 Burgundos
1762 3412 2094 3475 penetrasse.
2165 3404 2307 3461 Illud

83 3486 208 3546 hinc
236 3491 602 3564 intelligimus,
632 3492 933 3549 Conradum
959 3505 1140 3563 regem
1168 3493 1272 3549 hoc
1312 3498 1556 3565 tempore
1587 3498 1699 3566 jam
1738 3495 2059 3552 Arelatense
2086 3490 2308 3562 regnum

87 3576 440 3650 Transjurano
469 3583 829 3652 conjunxisse.

223 3669 274 3726 9.
349 3668 653 3726 conradum
689 3670 894 3741 ducem,
923 3671 1389 3743 expletaultiene,
1427 3674 1612 3731 missis
1652 3670 1931 3744 Hung'aris,
1965 3671 2193 3727 reditum
2236 3670 2308 3727 ad

85 3751 366 3813 Ludolt'um
396 3760 783 3830 praecipitasse
820 3759 1016 3830 judico,
1040 3772 1207 3831 quem
1240 3774 1338 3818 rex
1362 3766 1516 3832 pater
1548 3761 1788 3832 urgebat.
1844 3762 1928 3818 ¹5.
1962 3759 2078 3815 Kal.
2104 3758 2209 3817 sul.
2235 3759 2308 3816 ad

86 3839 307 3901 Cinnam
337 3846 666 3917 colloquium
692 3848 947 3905 indictum
974 3854 1074 3906 est.
1135 3849 1216 3905 Ex
1243 3849 1366 3906 Vita
1392 3849 1627 3907 Udalrici
1655 3850 1927 3918 discimus,
1955 3850 2222 3904 exercitus
2250 3851 2310 3905 in

87 3938 377 4003 conspectu
404 3933 577 3990 fuisse
606 3936 670 3991 ad
700 3936 889 3992 Ilarum
919 3951 1126 3993 amnem
1160 3942 1353 4009 (quem
1379 3944 1595 3996 veteres
1639 3936 1866 4006 nargum
1895 3937 2111 4007 dixere)
2138 3950 2310 4008 prope

87 4021 335 4090 oppidum
352 4023 575 4096 'russam
594 4023 681 4080 vel
697 4024 940 4082 Tilssam.
986 4024 1172 4096 ltaque
1190 4027 1332 4097 apud
1343 4026 1686 4083 witikindum
1702 4033 1952 4097 corrupte
1963 4027 2183 4084 Zinnam
2196 4025 2310 4094 legi

88 4110 348 4178 suspicor.
408 4110 579 4168 Tussa
607 4118 692 4169 est
720 4114 786 4169 ad
810 4112 1002 4170 llaram
1031 4127 1140 4171 non
1162 4113 1347 4185 procul
1377 4114 1547 4171 Ulnia.
1584 4113 1665 4169 lbi
1709 4113 1987 4172 Udalricus
2015 4117 2309 4185 episcopus

84 4192 421 4264 Augustanus
451 4205 508 4257 et
554 4200 866 4258 Hartbertus
898 4201 1178 4259 curiensis
1218 4202 1404 4258 utilem
1432 4204 1554 4275 paci
1594 4203 1843 4275 publicae
1883 4217 2101 4274 operam
2134 4216 2307 4259 nava-

86 4293 242 4354 vere;
293 4301 400 4343 nec
428 4289 629 4361 dubito,
670 4290 993 4348 Fridericum
1038 4290 1501 4362 archiepiscopum
1538 4291 1919 4362 numanum,
1960 4292 2052 4361 qui
2091 4297 2148 4348 et
2186 4293 2307 4361 ipse

88 4366 249 4442 afluit,
278 4375 460 4433 otiiclo
501 4376 759 4436 laudabili
787 4377 1141 4436 satisfecisse.
1188 4378 1264 4437 Re
1294 4392 1422 4449 ergo
1448 4381 1517 4438 ad
1553 4383 1878 4453 colloquium
1908 4380 2151 4451 deducta,
2180 4378 2312 4434 Otto

87 4454 141 4512 iu
169 4471 434 4521 conventu
474 4469 659 4538 populi
700 4469 887 4537 paucis
915 4467 1015 4526 sed
1042 4468 1292 4540 gravibus
1327 4470 1538 4529 verbis:
1576 4471 1830 4535 Facilius,
1873 4471 2064 4541 inquit,
2084 4471 2310 4540 paterer
